2242 3672
145 290 262 331 RLIN
264 292 344 330 IVS
1025 290 1077 333 51
1762 298 1961 336 PLINIVS
1970 333 1982 336 Α

144 426 229 471 373
260 424 309 470 C.
341 422 509 467 Plinius
540 423 782 469 Secundus.
829 425 1095 470 Praenomen
1124 427 1243 482 apud
1275 428 1481 471 Tacitum.
1531 428 1717 472 Titulum
1745 429 1793 472 in
1821 430 1965 474 insula

231 493 385 537 Arado
425 494 637 548 repertum
671 494 741 537 CI
742 494 783 538 G-
812 496 902 538 III
923 511 970 551 p.
1000 499 1111 539 1178
1147 511 1189 540 n.
1220 499 1328 540 4536
1347 498 1379 551 f,
1418 498 1495 540 ubi
1532 512 1583 541 ex
1620 499 1788 542 nomine
1828 503 1965 543 exstat

231 596 241 607 .
264 596 274 606 .
297 595 308 605 .
329 563 420 605 ι’νιον
461 562 609 606 Σεκοῢν
633 596 643 605 .
666 596 675 606 .
699 596 708 605 .
721 596 731 618 ,
779 563 929 607 Plinio
975 566 1173 608 attribuit
1218 565 1476 617 Mommsen,
1522 567 1702 611 Hermes
1739 571 1816 619 19,
1853 571 1965 612 1884

229 647 278 688 1).
299 634 530 682 644-648,
560 632 655 674 vide
683 646 784 674 num
808 637 931 684 reete,
954 635 1008 688 cf.
1035 634 1082 677 O.
1107 635 1368 689 Hirschfeld,
1390 635 1615 679 Ro'misehe
1636 636 1965 692 Mittheilunyen

229 700 301 743 des
330 700 593 756 arehaeoloq.
623 701 824 744 Instituts
853 705 906 752 2,
942 705 1056 745 1887
1075 717 1123 757 p.
1146 706 1242 747 152.
1303 703 1450 758 Neque
1478 706 1617 760 mayis
1645 705 1812 760 placet,
1854 706 1967 760 quod

229 769 482 824 Hirschfeld
506 769 531 813 l.
554 784 588 814 c.
621 770 798 813 coniecit
817 770 1067 814 Secundum
1087 772 1138 815 L.
1162 771 1293 815 Plinii
1313 772 1461 816 militis
1492 774 1718 817 cuiusdam
1747 774 1962 830 libertum,

229 840 303 894 qui
330 839 375 882 in
406 839 529 882 titulo
561 839 754 882 Moesiae
782 839 1006 894 inferioris
1034 841 1122 883 III
1146 841 1192 885 S.
1218 844 1329 885 7452
1359 846 1456 885 ante
1487 858 1527 886 a.
1560 847 1586 886 6
1617 859 1664 899 p.
1691 843 1796 888 Chr.
1820 844 1964 899 posito

227 908 487 959 nominatur,
528 909 711 963 fortasse
734 911 910 964 patrem
938 909 1084 951 Plinii
1110 910 1254 963 fuisse.
1313 911 1655 955 Novocomensis
1689 913 1793 956 ‘vita
1822 912 1967 955 Plinii

228 991 281 1020 ex
309 977 503 1032 cataloyo
531 978 720 1020 virorum
741 977 974 1020 illustrium
1002 978 1263 1033 Tranquilli³
1288 980 1405 1034 apud
1422 980 1742 1033 Reifferscheid,
1771 981 1968 1025 Suetonii

228 1045 435 1102 reliquiae
455 1061 504 1102 p.
526 1050 609 1099 92;
647 1047 759 1101 quod
786 1046 964 1090 Plinius
994 1047 1083 1102 ipse
1111 1062 1155 1091 n.
1184 1048 1225 1091 h.
1250 1050 1395 1103 praef.
1417 1053 1443 1091 1
1474 1049 1694 1093 Catullum
1723 1051 1964 1105 (Veronen-

228 1116 336 1171 sem)
376 1122 706 1159 conterraneum
746 1131 874 1159 suum
912 1120 1054 1168 vocat,
1097 1116 1156 1159 ad
1183 1120 1365 1169 terram,
1400 1133 1486 1161 non
1516 1119 1574 1161 ad
1600 1120 1747 1162 urbem
1775 1122 1966 1174 spectare

223 1185 401 1236 videtur,
433 1186 487 1240 ef.
512 1185 762 1236 Mommsen,
794 1185 974 1229 Hermes
1001 1189 1041 1236 3,
1072 1189 1182 1229 1869
1205 1202 1252 1241 p.
1275 1190 1328 1229 61
1348 1201 1429 1242 seq.
1475 1188 1614 1231 Natus
1644 1189 1758 1231 inter
1788 1188 1887 1232 24!ss
1909 1190 1964 1232 23

229 1261 273 1298 et
302 1254 402 1298 24s8
423 1255 491 1309 24,
515 1269 613 1297 cum
634 1255 702 1298 IX
726 1254 815 1299 kal.
839 1254 957 1311 Sept.
981 1270 1019 1297 a.
1039 1255 1094 1298 79
1114 1270 1275 1298 annum
1298 1262 1468 1299 sextum
1491 1263 1532 1300 et
1554 1258 1964 1314 quinquagesimum

149 1350 153 1351 ν
229 1324 367 1380 egerit
395 1323 515 1367 Plin.
538 1338 600 1379 ep.
622 1327 659 1374 6,
681 1327 747 1374 16,
769 1328 819 1375 4,·
847 1327 887 1375 3,
907 1326 947 1375 5,
971 1327 1009 1367 7.
1070 1323 1188 1366 Puer
1224 1324 1410 1368 Romam
1447 1327 1605 1368 venisse
1643 1327 1830 1377 videtur,
1873 1340 1966 1369 eum

226 1394 291 1436 ibi
329 1392 483 1436 viderit
522 1392 758 1437 Servilium
793 1393 1042 1435 Nonianum
1073 1392 1294 1436 consulem
1326 1393 1382 1448 (a.
1413 1394 1488 1448 35)
1518 1395 1638 1438 Plin.
1669 1409 1712 1439 n.
1741 1395 1781 1440 h.
1812 1399 1879 1446 37,
1910 1398 1965 1438 81

229 1464 284 1518 cf.
306 1465 378 1513 28,
401 1466 483 1513 29,·
515 1466 582 1513 24,
603 1465 658 1505 43
667 1475 681 1514 ,·
707 1463 807 1504 item
838 1462 940 1505 Sex.
972 1462 1206 1518 Papinium
1236 1462 1457 1505 consulem
1489 1463 1545 1518 (a.
1567 1464 1642 1519 36)
1672 1478 1714 1507 n.
1744 1464 1784 1506 h.
1810 1467 1876 1516 15,
1897 1468 1965 1507 47.

226 1533 348 1575 Inter
376 1547 414 1574 a.
436 1531 603 1575 37—41
639 1546 771 1574 cenae
800 1546 827 1574 a
854 1531 1094 1588 Pomponio
1117 1531 1317 1575 Secundo
1341 1533 1451 1577 Gaio
1475 1532 1650 1576 Caesari
1681 1532 1808 1576 datae
1838 1534 1967 1576 inter-

228 1601 362 1644 fuisse
391 1599 566 1643 videtur
593 1615 636 1644 n.
667 1600 707 1643 h.
739 1604 805 1651 14,
831 1603 886 1644 56
916 1601 970 1655 of.
1001 1603 1067 1651 13,
1090 1603 1168 1653 83;
1199 1616 1260 1656 ep.
1281 1604 1321 1652 3,
1343 1604 1381 1652 5,
1403 1605 1442 1645 3.
1503 1601 1653 1644 Ostiae
1683 1601 1836 1657 adfuit,
1868 1617 1967 1645 cum

229 1669 439 1714 Claudius
469 1676 643 1727 portum
670 1670 731 1713 ibi
759 1669 1007 1713 aedificavit
1035 1684 1076 1712 n.
1105 1670 1146 1714 h.
1178 1674 1216 1721 9,
1248 1673 1303 1713 14
1332 1684 1413 1725 seq.
1475 1670 1764 1728 Equestribus
1802 1669 1967 1714 militiis

228 1738 442 1782 industrie
464 1738 639 1782 functus
659 1739 749 1782 vita
770 1739 1047 1794 Suetoniana,
1081 1740 1126 1781 in
1157 1739 1225 1782 his
1256 1739 1530 1796 praefectura
1559 1740 1748 1783 cohortis
1778 1741 1801 1784 I
1830 1739 1967 1783 Thra-

228 1823 349 1864 cum,
393 1808 599 1863 siquidem
637 1808 786 1851 titulus
815 1808 1011 1851 Aradius
1043 1809 1101 1851 ad
1129 1823 1222 1851 eum
1243 1810 1455 1864 pertinet,
1499 1816 1540 1853 et
1570 1810 1843 1866 praefectura
1872 1809 1967 1852 alae

143 1910 151 1917 ,
229 1877 351 1921 Plin.
382 1892 443 1933 ep.
465 1880 505 1928 3,
525 1879 566 1928 5,
588 1880 617 1920 3
646 1877 717 1933 (ef.
741 1877 835 1932 tit).
893 1878 947 1920 In
977 1878 1214 1922 Germania
1243 1878 1446 1921 militavit
1476 1893 1538 1933 ep.
1567 1882 1608 1930 3,
1638 1882 1677 1929 5,
1708 1883 1736 1921 4
1766 1880 1819 1934 ef.
1851 1893 1894 1922 n.
1925 1879 1966 1922 li.

144 1984 149 1985 ⁷
224 1950 300 1998 22,
322 1950 362 1998 8,
394 1947 576 1990 fortasse
607 1947 652 1989 in
683 1947 921 1991 Germania
949 1947 1168 2003 inferiore,
1201 1962 1300 1990 cum
1331 1947 1448 2005 apud
1471 1947 1669 1991 Chaucos
1698 1947 1831 1990 fuerit
1858 1963 1900 1992 n.
1927 1948 1967 1993 h.

222 2020 289 2068 16,
320 2019 352 2060 2
391 2016 539 2071 (quare
569 2015 646 2060 Cn.
677 2015 869 2059 Domitio
897 2015 1136 2060 Corbulone
1167 2016 1269 2060 duee
1299 2032 1338 2060 a.
1369 2020 1427 2060 47
1463 2017 1670 2060 militasse
1707 2017 1875 2060 videtur
1911 2018 1966 2072 ef.

229 2086 328 2129 Tae.
351 2099 390 2127 a.
413 2088 479 2136 11,
501 2084 572 2140 18)
595 2091 638 2127 et
656 2084 942 2142 probabiliter
961 2085 1077 2142 apud
1099 2084 1237 2129 Ubios
1258 2100 1298 2128 n.
1321 2085 1359 2128 h.
1382 2089 1448 2136 17,
1470 2089 1529 2128 47
1547 2092 1590 2128 et
1619 2085 1674 2128 ad
1696 2085 1836 2128 Rheni
1859 2088 1969 2129 ostia

222 2170 264 2198 n.
295 2154 336 2199 h.
367 2157 437 2205 12,
470 2157 537 2198 98.
598 2154 686 2198 Sed
727 2154 810 2197 fuit
850 2155 980 2208 etiam
1014 2155 1148 2197 ‘eirca
1177 2155 1374 2197 Danuvii
1405 2161 1620 2197 exortum‘
1654 2169 1695 2199 n.
1727 2154 1768 2197 h.
1798 2157 1864 2205 31,
1896 2158 1966 2199 25.

223 2223 352 2267 Anno
383 2225 439 2267 52
470 2222 526 2266 ad
555 2222 699 2266 lacum
728 2223 944 2266 Fucinum
974 2223 1115 2266 adfuit
1143 2238 1184 2266 n.
1215 2223 1256 2266 h.
1283 2226 1349 2274 33,
1373 2227 1428 2266 63
1437 2237 1450 2275 ,·
1478 2226 1545 2274 36,
1571 2227 1680 2275 124,·
1710 2225 1764 2278 ef.
1803 2224 1900 2267 Tac.
1925 2239 1964 2267 a.

223 2296 294 2344 12,
316 2295 381 2337 56.
443 2292 572 2336 Anno
604 2293 658 2335 59
699 2292 841 2349 pridie
883 2291 1095 2334 kalendas
1134 2292 1275 2335 Maias
1316 2293 1361 2334 in
1392 2291 1634 2348 Campania
1672 2292 1806 2335 fuisse
1835 2293 1891 2347 (n.
1924 2292 1964 2334 h.

140 2396 145 2401 .
223 2360 268 2413 2,
290 2361 388 2417 180)
408 2361 575 2404 videtur
590 2361 848 2415 Detlefseno,
878 2361 1006 2404 index
1027 2376 1074 2416 p.
1095 2364 1163 2406 83.
1202 2362 1423 2404 Extremis
1454 2361 1640 2404 Neronis
1668 2362 1794 2404 annis
1824 2376 1964 2416 gram-

223 2432 393 2474 maticis
434 2431 587 2474 studiis
627 2445 673 2472 se
703 2430 823 2472 dedit
853 2445 915 2485 ep.
944 2433 984 2481 3,
1012 2433 1051 2481 5,
1083 2433 1110 2473 5
1149 2437 1191 2472 et
1220 2431 1385 2473 Romae
1425 2437 1616 2473 moratus
1658 2445 1752 2473 esse
1791 2429 1965 2472 videtur

225 2501 280 2555 ef.
312 2500 423 2543 locos
454 2515 483 2542 a
511 2499 757 2554 Detlefseno
787 2500 833 2542 in
866 2499 1001 2543 indice
1028 2514 1068 2554 p.
1098 2502 1154 2542 83
1184 2499 1352 2544 allatos.
1413 2500 1749 2542 Procurationes
1779 2498 1965 2556 splendi-

225 2569 424 2612 dissimas
465 2575 507 2612 et
541 2570 769 2611 continuas
805 2569 965 2624 (itaque
998 2570 1071 2611 vix
1101 2572 1199 2611 ante
1230 2583 1270 2611 a.
1301 2568 1372 2624 68)
1412 2583 1579 2613 summa
1612 2570 1860 2624 integritate
1891 2568 1963 2611 ad-

223 2638 487 2681 ministravit
525 2639 637 2689 vita,
679 2638 724 2680 in
764 2637 832 2680 his
870 2638 1206 2695 Hispaniensem
1236 2637 1358 2682 Plin.
1390 2653 1452 2693 ep.
1481 2641 1522 2689 3,
1552 2641 1592 2689 5,
1622 2641 1680 2681 17
1707 2641 1747 2681 et
1780 2638 1964 2692 fortasse

226 2707 547 2750 Narbonensem
577 2721 611 2750 e.
645 2721 684 2751 a.
717 2710 770 2749 70
802 2707 857 2762 ef.
888 2721 930 2752 n.
962 2707 1001 2750 h.
1034 2711 1099 2758 14,
1131 2710 1209 2759 43;
1242 2711 1285 2759 2,
1318 2710 1411 2759 150,
1454 2711 1493 2751 et
1521 2707 1744 2763 Belyieam
1774 2721 1807 2750 c.
1840 2721 1879 2751 a.
1913 2710 1965 2749 74
1992 2724 1995 2725 ’

224 2777 278 2831 of.
307 2791 350 2819 n.
381 2776 420 2821 h.
443 2779 509 2828 18,
531 2779 638 2828 183;
670 2779 707 2827 7,
731 2779 796 2827 76,
830 2779 870 2818 et
887 2775 1149 2830 Africanam
1180 2777 1236 2831 ef.
1266 2791 1309 2820 n.
1341 2776 1382 2819 h.
1416 2780 1453 2827 7,
1475 2779 1530 2819 36
1539 2790 1552 2828 ;
1577 2780 1645 2827 17,
1665 2780 1744 2828 41,·
1772 2779 1842 2827 25,
1865 2779 1962 2820 123.

221 2845 385 2888 Contra
412 2846 453 2888 si
482 2845 651 2888 titulum
670 2844 887 2888 Aradium
908 2845 967 2887 ad
986 2859 1079 2888 eum
1099 2846 1278 2900 referas,
1310 2846 1403 2900 fuit
1433 2844 1731 2903 ἀντεπίτρο[πος
1761 2844 1962 2905 Τιβερίο]υ

226 2914 390 2957 Ἰουλίου
423 2913 730 2971 Ἀλ[ε]Ε[άνδρου
770 2912 969 2971 ἐπ]οίρχου
1010 2913 1116 2971 [τ]οό
1148 2914 1383 2969 Ἰουδαϊ[κοῢ
1424 2919 1592 2972 στρατοῦ
1633 2912 1705 2968 (ef.
1744 2921 1962 2958 castrense

223 2982 559 3026 contubernium
591 2998 689 3025 cum
720 2983 818 3026 Tito
848 2998 890 3026 n.
921 2983 962 3026 h.
986 2984 1132 3038 praef.
1157 2986 1216 3040 3),
1237 2983 1475 3041 ,sufflpovcoz
1506 2982 1682 3041 Συρ[ιάς,
1714 2982 1890 3041 ἔπαρχος
1919 2985 1960 3027 ἐν

223 3051 430 3111 Alyzia-th)
460 3055 658 3109 λεγεῶνος
697 3052 895 3110 ε[ἰκοστῆς
938 3053 1143 3111 δευτέρας]
1183 3052 1489 3108 (supplementa
1528 3055 1626 3094 sunt
1671 3051 1957 3107 Mommseni).

224 3121 478 3164 Praefectus
506 3121 655 3164 classis
683 3122 926 3178 praetoriae
955 3122 1215 3165 Misenensis
1246 3137 1283 3164 a.
1307 3122 1361 3165 79
1391 3121 1513 3164 Plin.
1542 3135 1604 3175 ep.
1630 3123 1668 3170 6,
1691 3123 1756 3170 16,
1778 3124 1828 3171 4;
1856 3121 1958 3162 vita.

142 3228 145 3231 .
224 3191 361 3233 Periit
389 3191 571 3233 Vesuvii
602 3192 760 3234 montis
791 3192 1018 3248 eruptione
1048 3190 1165 3234 facta
1196 3192 1324 3244 (vita,·
1354 3190 1476 3233 Plin.
1500 3204 1561 3244 ep.
1585 3192 1622 3240 6,
1645 3192 1710 3231 16.
1733 3191 1808 3245 20)
1840 3204 1877 3231 a.
1906 3188 1959 3229 79

225 3257 298 3313 (ef.
328 3258 417 3302 Dio
447 3262 512 3312 66,
543 3263 618 3317 21)
648 3260 717 3303 ΙΧ
747 3259 834 3303 kal.
867 3260 986 3317 Sept.
1018 3260 1126 3303 hora
1156 3261 1248 3303 fere
1287 3261 1470 3316 septima
1505 3258 1625 3301 Plin.
1658 3272 1721 3313 ep.
1753 3259 1790 3307 6,
1822 3260 1875 3299 16
1883 3293 1885 3296 ,
1919 3260 1956 3307 4,

224 3329 375 3374 aetatis
402 3343 516 3374 anno
548 3335 669 3373 sexto
701 3335 744 3371 et
773 3330 1134 3388 quinquagesimo
1166 3344 1229 3385 ep.
1249 3332 1289 3379 3,
1310 3332 1349 3379 5,
1374 3332 1411 3370 7.

1628 3417 1679 3452 4.
