2242 3672
165 224 432 272 vierwvs
1038 223 1121 270 457
1735 210 1978 272 VITVRIGA

249 361 275 400 1
297 372 369 412 pr.
393 360 426 401 2
447 372 495 413 Ρ.
518 361 560 401 2.
612 356 819 400 Coloniae
849 358 989 401 Iuliae
1018 360 1219 403 Fanestri
1251 360 1472 411 basilicam
1506 360 1764 404 ‘conlocavit
1792 361 1977 403 curavit-

252 441 338 483 que
368 425 627 469 faciendam'
658 429 696 476 5,
728 430 767 477 1,
801 430 827 468 6
848 442 896 481 Ρ.
919 431 1010 472 106.
1061 428 1154 470 Iam
1186 430 1330 472 senior
1355 433 1387 473 2
1407 443 1480 484 pr.
1502 433 1530 472 4
1550 444 1598 484 p.
1618 432 1689 480 32,
1718 429 1895 486 scripsit
1923 428 1979 471 ad

252 494 499 550 Augustum
522 494 575 536 de
597 494 891 547 architectura
908 495 1043 538 libros
1064 498 1138 552 qui
1161 505 1318 549 entant>
1341 501 1366 540 1
1383 512 1455 553 pr.
1473 502 1498 540 1
1511 513 1559 552 p.
1576 502 1614 553 1,
1646 501 1678 542 2
1699 512 1772 553 pr.
1791 501 1819 551 4
1839 513 1888 553 Ρ.
1908 500 1978 548 32,

249 566 277 605 3
297 577 370 618 pr.
394 567 423 606 3
444 577 492 618 p.
515 566 588 613 64,
626 567 654 605 4
675 577 747 617 pr.
769 567 795 605 1
817 578 865 617 p.
887 566 954 614 83,
998 567 1024 606 5
1046 579 1118 619 pr.
1141 569 1234 619 1p.
1257 569 1349 616 103,
1390 569 1417 608 6
1438 581 1509 621 pr.
1531 569 1558 609 5
1578 581 1626 621 p.
1650 569 1746 617 133,
1779 569 1806 608 7
1826 580 1898 621 pr.
1925 569 1979 608 10

248 646 295 686 p.
328 634 422 683 158,
464 635 502 682 9,
533 634 573 686 3,
605 633 660 673 18
690 646 738 686 p.
770 634 878 683 218,
920 639 1018 689 post
1057 633 1246 688 Augusti
1285 634 1545 677 vocabulum
1578 634 1755 678 Caesari
1795 634 1980 688 inditum

250 703 289 752 5,
321 704 361 752 1,
394 704 423 743 7
440 715 489 755 p.
511 703 595 743 107
622 699 713 764 (sed
748 714 835 743 non
874 701 1005 743 multo
1037 705 1190 756 postea
1220 706 1351 757 puto,
1396 707 1621 758 antequam
1658 703 1706 746 id
1733 703 1981 746 vocabulum

248 769 382 824 plane
413 768 469 811 vin
507 783 630 812 usum
670 769 932 812 cotidianum
970 770 1129 821 abiret,
1172 785 1265 813 eum
1305 771 1363 813 ad
1400 771 1536 826 ipsum
1576 772 1816 827 Auyustwm
1852 772 1982 814 verba

250 839 416 892 faciens
454 838 726 893 imperatoris
767 841 806 880 et
842 837 1044 881 Caesaris
1085 842 1248 882 tantum
1286 840 1503 882 vocabulis
1532 855 1616 894 per
1655 843 1786 883 totum
1826 840 1982 883 librum

249 910 422 959 utatur;
463 907 513 950 ob
543 921 636 949 eam
667 921 841 949 causam
872 911 969 949 ante
998 907 1181 950 medium
1210 909 1308 950 Ian.
1341 912 1428 952 727
1464 908 1647 951 Vitruvii
1685 922 1786 963 opus
1826 908 1982 950 editum

252 970 338 1019 esse
367 977 519 1019 statuit
549 976 801 1018 Lachmann
830 976 886 1018 kl.
915 976 1135 1030 Schriften
1163 980 1194 1020 2
1216 992 1263 1031 Ρ.
1287 981 1392 1029 164,·
1427 977 1474 1019 id
1501 978 1541 1019 si
1568 978 1633 1019 ita
1663 980 1735 1028 est,
1768 977 1881 1019 locus
1910 976 1982 1019 ille

249 1048 289 1096 5,
306 1049 345 1096 1,
364 1049 393 1087 7
401 1048 555 1100 postea
577 1045 750 1087 additus
778 1045 835 1087 sit
863 1058 1026 1087 necesse
1056 1045 1146 1099 est),
1170 1046 1271 1087 item
1297 1047 1359 1101 (ut
1385 1046 1556 1100 putant)
1583 1053 1680 1102 post
1705 1060 1867 1088 annum
1884 1046 1979 1100 738,

252 1129 339 1171 quo
370 1114 577 1171 templum
608 1107 782 1168 Quirini
814 1129 852 1158 a.
881 1115 963 1157 705
996 1121 1201 1157 exustum
1233 1115 1455 1170 Augustus
1484 1131 1509 1157 a
1538 1114 1832 1157 fundamentis
1862 1109 1980 1156 resti·

251 1190 391 1226 tutum
420 1183 640 1226 dedicavit
668 1183 775 1239 (Dio
803 1187 869 1234 54,
902 1181 994 1239 19),
1028 1199 1127 1225 nam
1171 1191 1380 1226 memorat
1421 1199 1516 1227 eam
1547 1183 1697 1226 aedem
1728 1187 1768 1233 3,
1801 1187 1826 1226 1
1848 1183 1923 1238 (2),
1958 1186 1986 1225 7

251 1266 301 1306 Ρ.
325 1255 402 1304 70;
438 1255 476 1303 7,
509 1255 548 1303 9,
576 1256 604 1294 4
623 1267 670 1307 p.
693 1255 788 1303 179,
821 1258 921 1294 ante
952 1267 1115 1295 annum
1147 1252 1242 1307 741,
1274 1268 1361 1311 quo
1392 1252 1607 1295 theatrum
1639 1248 1832 1293 Marcelli
1865 1251 1982 1294 dedi-

255 1328 397 1363 catum
431 1328 496 1364 est
526 1319 706 1374 (Becher
736 1325 898 1376 topoyr.
919 1336 968 1376 p.
990 1321 1101 1376 678),
1134 1336 1231 1363 cum
1263 1336 1398 1364 unum
1430 1328 1598 1363 tantum
1630 1313 1847 1362 theatrum
1876 1320 1983 1377 lapi-

250 1389 378 1432 deum
410 1392 582 1433 noverit
612 1391 702 1445 ipse
730 1393 769 1441 3,
801 1393 843 1446 2,
876 1394 908 1433 2
929 1405 978 1445 Ρ.
1003 1393 1069 1432 71.
1135 1390 1380 1432 Memorant
1409 1390 1662 1450 Vitruvium
1700 1388 1984 1431 architectum

250 1457 493 1502 Frontinus
523 1459 573 1502 de
604 1473 669 1513 aq.
691 1461 760 1510 25,
794 1458 999 1502 Sidonius
1017 1458 1162 1514 Apoll.
1190 1459 1309 1514 epist.
1340 1462 1378 1510 4,
1410 1462 1448 1510 3,
1479 1461 1519 1502 5.
1558 1449 1598 1508 8,
1630 1461 1668 1508 6,
1699 1461 1765 1502 10.
1826 1457 1985 1500 Libros

252 1528 306 1570 de
347 1528 640 1571 architectura
679 1528 880 1570 adhibuit
919 1518 1089 1570 Plinius
1127 1528 1182 1582 cf.
1213 1527 1253 1572 h.
1284 1541 1326 1572 n.
1358 1531 1396 1578 1,
1429 1530 1495 1578 16,
1526 1529 1590 1570 35.
1623 1529 1690 1577 36,
1722 1527 1827 1568 citat
1857 1527 1985 1568 etiam

252 1597 432 1640 Servius
463 1597 522 1640 ad
549 1597 658 1640 Aen.
689 1600 727 1648 6,
757 1601 827 1642 43.
888 1597 1028 1640 Plane
1066 1597 1274 1640 incertum
1311 1587 1412 1639 num
1452 1596 1576 1638 huius
1616 1586 1790 1638 libertus
1829 1598 1869 1638 et
1903 1595 1987 1638 dis-.

253 1666 418 1721 cipulus
457 1667 509 1709 L.
539 1667 774 1710 Vitruvius
814 1666 864 1709 L.
906 1665 934 1708 l.
968 1665 1109 1709 Cerdo
1149 1659 1432 1719 architectus,
1477 1665 1552 1721 qui
1581 1658 1812 1706 ”Vero‘n'ae
1834 1654 1986 1708 Gaviis

253 1735 516 1792 quibusdam
547 1750 697 1777 arcum
729 1735 926 1777 extruxit
957 1734 1128 1778 V3464.
1173 1734 1381 1777 Fortasse
1407 1733 1590 1776 eiusdem
1611 1732 1794 1775 nominis
1810 1729 1855 1775 et
1879 1732 1988 1775 artis

252 1804 342 1860 (sed
360 1807 504 1859 potest
523 1804 656 1858 fuisse
678 1802 1042 1859 arohiyubernus),
1072 1803 1147 1846 sed
1172 1803 1339 1846 omnino
1358 1798 1552 1844 'diversus
1571 1799 1802 1845 Vitruvius
1837 1834 1846 1843 .
1862 1833 1872 1844 .
1891 1834 1900 1843 .
1919 1796 1929 1843 .
1947 1802 1986 1842 io

252 1873 370 1916 arch.
400 1873 449 1916 Χ
476 1876 598 1918 3393.
1771 1869 1774 1872 “

168 1933 260 1985 527
282 1942 513 1985 Vitruvius
544 1941 697 1997 Rufus,
736 1941 999 1984 architectus
1031 1941 1231 1996 (Betrubi
1264 1944 1303 1984 et
1325 1943 1478 1996 postea
1508 1939 1696 1982 Bertu'bi
1721 1939 1820 1982 Rufi
1852 1938 1987 1981 archi-

196 2054 204 2058 „
240 2012 435 2054 vteotonis
485 2011 614 2054 codex
658 2011 966 2064 Aroerianus):
1015 2012 1105 2054 eius
1150 2014 1189 2053 et
1232 2009 1528 2066 Epaphroditi
1577 2008 1797 2051 cuiusdam
1839 2021 1988 2050 nomen

172 2083 173 2086 ’
249 2081 569 2136 praescriptum
600 2079 798 2136 opusculo
826 2081 1090 2135 yeometrieo,
1132 2079 1244 2134 quod
1264 2082 1364 2134 post
1393 2077 1609 2121 Schottum
1640 2077 1701 2119 ed.
1731 2075 1892 2121 Cantor
1921 2075 1988 2118 die

174 2203 176 2205 ‚
252 2155 357 2192 rom.
378 2149 710 2205 Aqrimensoren
730 2164 779 2204 p.
801 2152 890 2192 207
908 2163 988 2203 seq.
1017 2149 1071 2203 of.
1094 2163 1143 2203 p.
1168 2152 1259 2199 115,
1291 2147 1533 2202 nuperrime
1562 2146 1630 2201 (ex
1660 2145 1798 2188 codiee
1829 2145 1986 2187 Mona-

253 2218 381 2274 censi)
424 2218 587 2261 Mortet
625 2217 695 2273 (of.
737 2218 1028 2262 Woohensehr.
1069 2218 1101 2272 f.
1146 2217 1268 2260 class.
1308 2214 1422 2259 Pha.
1450 2219 1503 2258 14
1532 2215 1624 2259 Jul.
1655 2217 1770 2257 1897
1776 2227 1790 2266 ,·
1835 2213 1986 2257 Curtze

253 2287 371 2331 Berl.
394 2288 505 2343 phil.
537 2287 829 2332 Woehensohr.
862 2290 976 2330 1897
994 2302 1042 2342 Ρ.
1064 2286 1174 2341 648).
1232 2285 1409 2339 Quando
1439 2275 1594 2327 vixerit
1622 2284 1839 2326 incertum.

169 2360 252 2403 528
284 2358 513 2401 Vitruvius
558 2356 808 2412 Secundus,
851 2357 952 2413 imp.
995 2354 1232 2399 Commodo
1273 2354 1328 2396 ab
1369 2351 1584 2410 epistulis,
1627 2349 1986 2393 familiarissimus

254 2427 542 2483 (Tarrutenii)
569 2426 759 2481 Paterni,
793 2441 883 2468 una
902 2440 1002 2467 cum
1028 2424 1110 2467 hoc
1131 2440 1157 2466 a
1178 2422 1413 2467 Commodo
1437 2422 1604 2464 occisus
1619 2421 1696 2463 vit.
1715 2418 1872 2462 Comm.
1888 2421 1927 2467 4,
1943 2419 1984 2459 8.

182 2523 240 2528 —
283 2502 526 2540 VITRVVIA
555 2509 590 2536 v.
622 2495 831 2537 Victoria.

169 2567 253 2610 529
283 2571 526 2608 VITRVVIA
546 2570 764 2618 MAXIMA,
796 2564 845 2606 L.
868 2563 911 2618 f.,
935 2562 995 2605 M.
1018 2560 1217 2605 Coculnii
1243 2559 1513 2614 Quintiliani,
1537 2557 1622 2600 lato
1644 2557 1766 2600 clavo
1789 2555 1986 2598 exornati

255 2652 281 2679 a
312 2635 521 2692 Septimio
554 2633 730 2685 Severo,
765 2648 875 2676 uxor
906 2636 933 2675 t.
964 2631 1171 2676 Cirtensis
1202 2630 1325 2673 VIII
1348 2629 1395 2672 S.
1428 2630 1578 2671 19508.
1803 2642 1806 2645 ·

175 2717 241 2736 ⁴—*—
284 2704 496 2746 Mummia
524 2701 687 2746 Vitula.
1274 2715 1276 2717 ’

169 2776 252 2818 530
282 2777 581 2815 VITVLASIVS
635 2775 980 2813 LAETINIANVS
1042 2768 1211 2822 legatus
1260 2765 1446 2820 >legionis
1498 2763 1543 2806 II
1598 2762 1821 2816 Augustae
1874 2761 1986 2801 inter

256 2859 292 2885 a.
324 2841 550 2885 253—259
581 2840 678 2883 VII
699 2843 795 2884 107.
1828 2860 1830 2862 ·
1921 2859 1924 2862 ⁴

175 2913 253 2956 531
290 2917 397 2954 SEX.
429 2915 726 2951 VITVLASIVS
757 2914 919 2950 NEPOS
945 2907 1051 2959 (tria
1068 2905 1244 2948 nomina
1264 2903 1345 2946 IX
1361 2904 1474 2945 3587
1497 2903 1534 2942 et
1560 2900 1605 2942 in
1625 2897 1771 2954 fistula
1792 2896 1985 2951 aqua-ria,

259 3013 296 3023 ..
317 2977 524 3023 .tulasius
555 2978 707 3034 Nep..
741 2980 821 3020 aot.
854 2975 991 3024 Aru).
1053 2972 1217 3017 Consul
1255 2979 1302 3014 ut
1341 2969 1514 3012 videtur
1557 2968 1653 3010 suff.
1686 2982 1722 3008 a.
1756 2966 1810 3008 78
1840 2978 1987 3006 mense

256 3049 365 3106 Apr.
397 3051 478 3090 aet.
509 3046 615 3092 Arv.
649 3045 745 3099 (VI
766 3048 879 3088 2056
908 3059 945 3087 υ.
975 3047 1049 3094 36,
1092 3042 1194 3097 le9it
1233 3044 1272 3083 et
1309 3039 1487 3094 eoeplevit
1518 3036 1703 3079 Huelsen
1743 3033 1833 3089 eph.
1865 3047 1926 3087 ep.
1959 3035 1988 3074 8

177 3147 179 3150 -
255 3133 301 3173 p.
335 3116 453 3171 328).
513 3116 621 3158 Eius
663 3130 820 3158 nomen
861 3113 1009 3169 fistula
1045 3111 1230 3165 aquaria
1267 3109 1438 3151 urbana
1479 3104 1558 3157 (vel
1596 3101 1873 3156 suburbana),
1917 3115 1986 3155 ap.

257 3186 546 3230 Laneianium
574 3184 667 3240 syll.
700 3199 767 3239 aq.
797 3198 839 3228 n.
869 3186 968 3226 592.
1026 3181 1141 3223 Eius.
1167 3179 1281 3221 servi
1312 3177 1390 3220 IX
1416 3178 1524 3219 3587
1558 3175 1621 3229 (in
1651 3186 1757 3227 ayro
1788 3169 1985 3224 Vestino).

172 3259 255 3301 532
285 3255 513 3309 Vituriga:
545 3255 606 3296 ita
640 3254 827 3310 primum
859 3251 976 3293 dicta
1007 3250 1156 3293 Samso
1188 3245 1363 3290 Proculi
1394 3244 1568 3300 tyranni
1603 3256 1712 3283 uxor
1741 3240 1816 3281 vit.
1846 3238 1986 3281 Firm.

256 3322 686 3375 Saturnin.,Proeul.
718 3325 788 3372 12,
818 3324 858 3364 3.
1317 3328 1320 3330 ·
1451 3328 1454 3332 “
