2242 3672
302 271 538 309 SEPTIMIA
1160 254 1243 296 218
1526 246 1529 248 ’
1869 255 2107 291 εΕΡΤιΜΙΑ

386 402 528 444 licium
548 398 730 441 innotuit
749 409 799 438 ex
819 394 954 436 titulis
972 392 1244 445 numinisque.
1275 389 1442 432 Filiam
1461 389 1593 443 fuisse
1607 387 1717 431 Iulii
1729 387 1901 430 Aurelii
1915 387 2105 438 Zenobii,

386 470 459 524 qui
486 467 634 522 floruit
662 464 891 517 Palmyrae
921 461 1176 515 temporibus
1201 458 1349 502 Severi
1373 457 1616 500 Alexandri
1643 460 1682 499 et
1708 455 1923 499 Gordiani
1952 454 2107 507 (Wad-

387 538 560 591 dinyton
578 549 618 576 n.
636 531 778 586 2598),
801 545 893 573 cum
912 530 1046 584 ipsius
1067 528 1182 583 filius
1203 527 1343 570 Iulius
1357 526 1565 569 Aurelius
1580 525 1810 580 Septimius
1830 523 2110 567 Vaballathus

385 604 622 659 appellatus
649 602 717 650 sit,
741 597 1029 654 probabiliter
1059 596 1235 639 coniecit
1266 595 1403 639 Sallet
1433 595 1460 638 l.
1493 608 1526 637 c.
1548 609 1596 649 p.
1619 596 1682 638 31.

470 673 595 715 Uxor
625 667 869 712 Odaenathi
900 665 1036 708 altera
1067 665 1162 719 triy.
1196 668 1275 719 tyr.
1306 667 1372 715 16,
1402 667 1441 715 1,
1482 669 1620 706 mater
1660 677 1716 704 ex
1757 676 1805 703 eo
1840 661 2109 703 Herenniani

385 748 428 783 et
448 738 629 782 Timolai
660 737 717 779 ib.
739 739 805 786 17,
827 739 870 778 2.
901 737 968 786 30,
990 738 1033 778 2.
1076 734 1145 775 De
1175 733 1266 775 vita
1296 733 1387 775 eius
1413 732 1584 789 privata
1613 731 1711 786 triy.
1743 733 1821 785 tyr.
1849 732 1918 780 30,
1945 732 2005 772 12
2024 741 2105 783 seq.

383 809 589 851 Maritum
620 811 769 848 eontra
788 804 944 846 Persas
975 803 1177 844 comitata
1200 802 1296 856 triy.
1324 804 1404 855 tyr.
1426 803 1491 851 15,
1513 804 1565 852 2;
1596 801 1687 842 eius
1718 805 1811 841 erat
1832 798 1948 855 quod
1968 797 2108 841 Odae-

384 877 542 919 nathus
583 876 737 917 Persas
769 874 934 914 vicerat
967 872 1025 914 ib.
1055 874 1123 922 30,
1153 873 1192 913 6.
1252 869 1471 912 Defuncto
1512 869 1666 911 marito
1696 868 1890 923 regimen
1917 866 2108 910 Orientis

386 947 472 1002 (τὴν
495 945 623 1001 ἀρχὴν
645 947 714 998 τῆς
744 943 849 988 ἑώας
870 940 1070 999 Syncell.)
1092 940 1281 995 suscepit
1304 939 1376 982 vit.
1406 938 1591 981 Gallien.
1613 941 1681 988 13,
1702 940 1745 987 2,
1777 936 1958 991 Eutrop.
1980 938 2020 987 9,
2041 937 2108 986 13,

383 1014 488 1068 Rus.
520 1012 673 1054 Festus
702 1014 771 1060 24,
806 1009 1089 1064 Hieronymus
1119 1008 1260 1052 chron.
1291 1007 1350 1050 ad
1378 1022 1417 1051 a.
1449 1009 1580 1058 2289,
1613 1007 1808 1049 Zosimus
1837 1008 1875 1056 1,
1900 1007 1967 1056 39,
2001 1003 2109 1059 Syn-

384 1082 510 1125 cellus
532 1095 579 1135 p.
603 1083 686 1122 717
714 1079 774 1123 ed.
806 1078 960 1128 Bonn.,
992 1078 1164 1119 nomine
1194 1076 1382 1119 filiorum
1411 1077 1482 1120 vit.
1504 1075 1737 1118 Aureliani
1765 1077 1840 1126 22,
1867 1078 1904 1125 1,
1935 1074 2110 1116 nomine

383 1151 569 1192 filiorum
600 1148 868 1191 Herenniani
900 1154 942 1188 et
971 1145 1155 1188 Timolai
1191 1146 1289 1200 triy.
1320 1148 1397 1200 tyr.
1429 1147 1500 1188 27.
1530 1147 1597 1194 30,
1627 1148 1671 1195 2,
1712 1158 1798 1186 non
1839 1142 1991 1185 horum
2033 1141 2110 1184 sed

382 1217 631 1261 Vaballathi
670 1216 747 1258 filii
785 1217 957 1258 nomine
996 1215 1068 1257 vit.
1098 1214 1326 1256 Aurelian.
1356 1216 1423 1264 38,
1453 1217 1479 1256 1
1520 1212 1618 1265 (hoc
1656 1226 1798 1256 cerum
1839 1224 1924 1254 esse
1965 1210 2112 1253 docent

382 1287 563 1336 nummi,
607 1285 660 1339 cf.
692 1285 768 1327 sub
802 1284 1007 1338 Septimio
1038 1281 1323 1337 Vaballatho).
1391 1282 1533 1324 Mater
1562 1280 1813 1324 Vaballathi
1853 1283 1881 1324 t.
1911 1282 1940 1322 3
1967 1279 2112 1335 (etiam

383 1357 430 1398 in
453 1359 481 1398 t.
498 1359 529 1399 2
548 1368 698 1397 nomen
717 1353 801 1408 filii
819 1354 916 1407 fuit,
939 1352 1012 1395 sed
1021 1353 1186 1409 periit).
1222 1352 1390 1407 Regina
1411 1350 1772 1406 Palmyrenorum
1787 1349 1947 1392 Zonar.
1969 1351 2038 1399 12,
2052 1351 2116 1391 27

385 1424 554 1478 (regina
584 1422 907 1465 Osrhoenorum
938 1421 1122 1463 Photius
1158 1420 1256 1463 bibl.
1290 1420 1378 1462 cod.
1409 1421 1495 1463 265
1514 1434 1563 1474 p.
1583 1422 1671 1462 492
1701 1418 1762 1462 ed.
1793 1417 1940 1468 Belck„
1970 1417 2112 1459 minus

382 1495 602 1542 accurate,·
633 1492 784 1545 regina
816 1490 1133 1533 Saracenorum
1165 1489 1363 1531 Malalas
1393 1488 1419 1532 l.
1440 1488 1549 1531 XII
1562 1502 1610 1542 p.
1631 1490 1730 1531 297.
1750 1489 1834 1528 300
1865 1485 1924 1528 ed.
1945 1484 2111 1536 Bonn.‚·

384 1576 409 1602 a
439 1561 595 1614 Persis,
629 1561 702 1616 qui
733 1561 949 1602 Romanos
980 1560 1187 1613 vicerant,
1222 1558 1375 1614 Syriae
1396 1563 1439 1599 et
1458 1556 1678 1599 Phoenice
1708 1555 1954 1612 praeposita
1979 1554 2111 1597 Theo-

385 1629 551 1671 doretus
580 1632 619 1671 et
641 1628 905 1682 Nicephorus
926 1627 1139 1678 Callistus,
1173 1627 1228 1681 cf.
1249 1627 1383 1680 infra,
1413 1625 1555 1680 male).
1607 1625 1774 1679 Regina
1796 1622 1986 1666 Orientis
2016 1623 2113 1677 ipsa

385 1697 433 1738 de
463 1711 506 1738 se
534 1698 580 1738 in
610 1697 793 1751 epistula
821 1697 892 1739 vit.
923 1696 1149 1740 Aurelian.
1172 1699 1243 1746 27,
1274 1694 1348 1737 sed
1375 1694 1546 1749 ficticia.
1573 1719 1625 1725 —-
1658 1693 1850 1749 Σεπτιμία
1880 1691 2056 1750 Ζηνοβία
2085 1693 2111 1748 ἡ

386 1768 639 1822 λαμπροτάτη
682 1767 887 1823 βασίλισσα
919 1768 947 1807 t.
979 1769 1015 1807 1.
1047 1769 1079 1809 2
1118 1765 1163 1819 (t.
1195 1767 1220 1806 1
1250 1764 1408 1806 incisus
1436 1762 1667 1816 Palmyrae
1699 1774 1837 1806 mense
1866 1760 1979 1814 Auy.
2010 1762 2110 1810 271,

386 1848 478 1876 cum
504 1834 611 1876 alibi
629 1835 718 1876 iam
739 1834 895 1876 dudum
915 1834 1123 1876 diceretur
1141 1832 1369 1889 Auyusta).
1416 1832 1607 1888 Σεπτιμία
1627 1830 1801 1888 Ζηνοβία
1823 1830 2004 1888 Σεβαστή
2035 1831 2062 1871 t.
2084 1830 2112 1870 3

385 1903 582 1958 (scriptus
622 1906 718 1945 ante
756 1902 945 1957 Auyusti
980 1916 1130 1944 nomen
1180 1901 1434 1944 Vaballatho
1475 1900 1677 1950 inditum,
1725 1913 1770 1941 eo
1810 1901 1993 1953 tempore
2031 1910 2112 1951 quo

385 1970 652 2025 Palmyrenis
692 1971 830 2013 adhuc
875 1970 1085 2014 Claudius
1123 1970 1186 2013 vel
1224 1970 1488 2012 Aurelianus
1527 1971 1649 2011 erant
1687 1967 1895 2022 Auyusti;
1943 1965 1993 2008 de
2031 1978 2111 2019 quo

382 2053 462 2081 usu
490 2040 672 2082 nominis
691 2040 912 2094 Auyustae
943 2040 997 2094 cf.
1020 2040 1216 2083 Momms.
1239 2039 1295 2080 R.
1320 2038 1374 2082 G.
1402 2038 1444 2080 V
1457 2053 1505 2092 p.
1526 2040 1611 2080 437
1626 2039 1711 2080 not.
1733 2039 1790 2092 1),
1821 2036 1921 2078 item
1949 2033 2112 2077 nummi

383 2107 681 2159 Alexandrini,
714 2109 806 2151 cusi
835 2122 973 2151 omnes
1003 2122 1116 2150 anno
1147 2106 1434 2163 (Vaballathi)
1465 2107 1620 2161 quinto,
1652 2106 1681 2148 i.
1713 2119 1745 2147 e.
1777 2105 1889 2146 inter
1917 2106 1977 2147 29
1996 2101 2109 2156 Auy.

383 2179 467 2219 270
499 2180 538 2218 et
567 2180 665 2220 271.

470 2245 667 2300 Longino
700 2245 953 2302 philosopho
979 2253 1074 2288 ‘usa
1096 2260 1188 2287 esse
1209 2244 1368 2287 dicitur
1396 2245 1603 2298 magistro
1629 2242 1684 2285 ad
1705 2242 1896 2285 Graecas
1925 2239 2108 2283 litteras’

384 2314 455 2357 vit.
476 2314 700 2356 Aurelian.
720 2317 787 2365 30,
807 2317 835 2356 3
855 2314 927 2368 (cf.
949 2328 1081 2369 supra
1101 2314 1177 2356 sub
1199 2312 1422 2368 Lonyino).
1444 2338 1490 2343 -
1513 2313 1640 2354 Favit
1661 2310 1797 2353 Paulo
1820 2309 2112 2354 Samosatensi

384 2381 598 2424 haeretico
620 2382 887 2425 Athanasius
917 2383 1013 2425 hist.
1039 2383 1245 2426 Arianor.
1280 2381 1336 2424 ad
1358 2381 1584 2424 monachos
1614 2394 1647 2424 c.
1670 2383 1722 2423 71
1754 2378 1926 2433 (Miyne
1945 2377 2110 2420 Patrol.

382 2449 534 2492 Graec.
564 2451 708 2493 XXV
730 2451 840 2505 777),
883 2452 956 2505 qui
994 2451 1115 2493 addit
1152 2451 1291 2505 ipsam
1319 2450 1529 2492 Iudaeam
1558 2449 1701 2503 fuisse,
1734 2448 1789 2502 cf.
1826 2447 2110 2490 Theodoretus

385 2518 635 2562 haereticar.
668 2520 858 2573 fabular.
887 2534 1017 2574 comp.
1046 2523 1089 2570 2,
1123 2521 1177 2562 81
1210 2519 1377 2574 (Miyne
1407 2518 1672 2561 LXXXIII
1692 2519 1801 2572 393),
1841 2515 2109 2571 Nicephorus

388 2585 590 2629 Callistus
619 2587 714 2630 hist.
746 2588 841 2632 eccl.
873 2591 910 2639 6,
941 2592 1003 2631 27
1031 2588 1201 2643 (Miyne
1232 2587 1543 2642 CXLV1181)
1573 2586 1647 2640 (ad
1677 2575 1938 2627 Iudaeorum
1967 2597 2108 2626 mores

385 2669 410 2694 a
449 2655 715 2698 Graecorum
755 2658 1058 2712 superstitione
1097 2671 1308 2698 conversa
1344 2655 1525 2698 Photius
1565 2654 1661 2697 bibl.
1706 2653 1794 2696 cod.
1824 2655 1910 2696 265
1930 2667 1978 2708 p.
1998 2654 2109 2696 492α

386 2721 447 2762 ed.
484 2722 673 2774 Behher;
712 2724 873 2766 Paulus
914 2725 1228 2767 Samosatensis
1272 2724 1524 2766 ‘Zenobiam
1563 2722 1781 2780 quandam
1824 2721 2019 2776 reginam
2063 2721 2109 2762 in

387 2789 563 2832 Oriente
603 2798 706 2833 tunc
746 2794 951 2848 temporis
996 2793 1144 2835 docuit
1188 2793 1420 2835 iudaizare³
1461 2791 1728 2834 Philastrius
1771 2790 1820 2833 de
1863 2789 2109 2832 haeresibus

387 2870 421 2898 c.
452 2859 534 2910 64).
564 2883 620 2889 -—
648 2860 865 2916 Oppidum
896 2862 964 2903 sui
993 2862 1180 2904 nominis
1211 2860 1404 2903 condidit
1433 2860 1488 2903 ad
1519 2860 1771 2916 Euphraten
1802 2857 1982 2912 Procop.
2013 2858 2107 2903 bell.

386 2924 504 2967 Pers.
535 2930 579 2977 2,
608 2930 647 2969 5.

471 2993 719 3050 Aegyptum
741 2996 820 3038 sibi
843 2997 999 3039 subicit
1020 2998 1175 3040 Zosim.
1198 3002 1234 3048 1,
1256 3001 1322 3048 44,
1346 2997 1564 3051 Syncellus
1585 3011 1633 3051 p.
1656 2998 1752 3046 721,
1785 2995 1942 3038 Zonar.
1961 2999 2032 3046 12,
2049 2998 2110 3039 27

388 3060 613 3113 (Arabiam
655 3064 735 3105 sibi
775 3065 932 3107 subicit
966 3066 1160 3108 Malalas
1188 3066 1214 3108 l.
1245 3066 1354 3108 XII
1369 3080 1418 3120 p.
1450 3067 1568 3119 299),
1610 3079 1689 3121 per
1727 3064 1882 3106 ducem
1911 3063 2107 3115 Zabdam

387 3128 542 3171 Zosim.
575 3130 600 3172 l.
633 3144 667 3173 c.
699 3131 905 3186 (Claudio
935 3134 1182 3188 imperante,
1215 3135 1269 3188 cf.
1299 3135 1371 3176 vit.
1410 3133 1561 3176 Claud.
1594 3133 1676 3188 11).
1738 3133 1915 3175 Nummi
1941 3133 2108 3175 nomine

387 3197 474 3239 eius
504 3199 593 3240 cusi
620 3199 911 3243 Alexandriae
942 3216 1052 3245 anno
1083 3202 1331 3245 Vaballathi
1358 3203 1502 3256 quinto
1523 3202 1648 3256 (Auy.
1669 3200 1828 3256 2701'1).
1875 3201 2003 3243 Hanc
2023 3213 2108 3242 esse

385 3267 576 3320 reyinam
614 3281 702 3309 una
740 3282 833 3310 cum
870 3284 986 3324 reye,
1028 3271 1101 3313 sed
1139 3274 1235 3313 ante
1275 3285 1388 3321 eum,
1421 3271 1571 3325 priore
1609 3270 1719 3320 loco,
1760 3272 2035 3311 memoratam
2060 3269 2107 3310 in

388 3336 415 3377 t.
446 3334 705 3388 Aeyyptiaco
745 3336 833 3378 III
857 3337 902 3381 S.
935 3341 1062 3389 6583,
1108 3339 1172 3381 ita
1214 3342 1260 3381 ut
1304 3353 1380 3381 rex
1422 3338 1722 3392 intelleyendus
1765 3338 1821 3379 sit
1863 3337 1980 3392 filius
2018 3337 2107 3378 eius
