2242 3672
193 238 495 276 SALLVSTIVS
1058 233 1079 275 1
1086 233 1142 276 59
1709 234 2011 271 SALLVSTIVS

189 373 245 416 59

189 512 244 554 60

275 372 329 426 Q.
353 371 609 415 Sallustius:
642 372 731 413 eins
753 371 908 423 liberti,
942 371 1011 414 VI
1033 374 1304 415 8173-8210.
1351 371 1491 414 Homo
1518 374 1559 416 si
1586 388 1670 417 non
1700 377 1870 429 nobilis,
1902 382 2011 421 certe

276 441 401 484 clives.

274 517 315 555 P.
357 515 657 552 SALLVSTIVS
706 516 928 551 BLAESVS
974 510 1109 552 frater
1149 509 1348 566 Arvalis‚
1397 519 1662 556 memoratus
1702 516 1746 557 in
1787 517 1895 559 actis
1936 533 2012 560 an-

273 594 426 622 norum
460 579 547 622 77?
579 578 675 634 (VI
695 578 824 632 2055)
857 578 910 621 78
941 578 1045 635 (quo
1078 594 1192 621 anno
1234 579 1317 622 fuit
1351 581 1559 636 magister
1589 583 1795 627 suffectus
1827 585 2008 629 fratrum

279 647 507 690 Arvalium
539 647 607 690 VI
628 647 762 702 2059)
794 646 862 690 80.
894 647 962 690 81.
995 648 1063 690 86.
1096 647 1164 691 87.
1196 648 1263 692 89.
1295 649 1351 690 90
1387 651 1491 706 (quo
1530 667 1642 694 anno
1684 653 1768 696 fuit
1807 657 2014 710 magister

273 717 449 771 iterum)
466 717 515 759 91
539 723 581 759 et
599 722 827 773 praeterea
842 718 945 758 anni
967 717 1119 759 incerti
1138 717 1218 759 sub
1238 718 1488 761 Domitiano
1506 724 1587 762 ael.
1601 721 1706 765 Arv.
1720 748 1777 753 —
1790 723 2008 776 Fortasse,

273 789 323 829 nt
353 786 529 829 coniecit
548 785 721 828 Heneen
743 788 824 828 acl.
845 784 951 829 Arv.
975 800 1023 839 p.
1053 784 1246 828 CXXII
1268 790 1352 829 not.
1377 791 1415 838 1,
1447 788 1515 831 hie
1546 789 1727 834 Blaesus
1759 797 2013 837 memoratas

273 859 321 898 ut
350 854 495 898 consul
525 853 760 911 (suffectus)
792 868 886 896 enm
907 853 1168 909 Sa[e]niano
1196 855 1356 910 eolleya
1375 858 1422 899 in
1443 861 1470 900 t.
1492 860 1627 901 mmei
1645 859 1907 912 Florentini,
1941 878 2011 917 ap.

194 961 196 963 ,
277 924 390 968 Gori
416 925 544 968 inser.
573 924 672 967 Etr.
694 927 721 966 1
742 938 790 978 p.
814 926 878 974 75,
899 925 985 967 213
1012 923 1091 979 [Σ
1123 924 1243 967 Mur.
1265 928 1357 976 433,
1379 926 1431 981 2]
1463 930 1502 968 et
1531 927 1749 972 Datschke
1777 933 1865 972 ant.
1887 930 2013 973 Bz'lsl-

187 1203 239 1244 61

196 3069 250 3111 62

273 994 409 1036 werke
440 994 486 1036 in
514 992 776 1037 Obere'lalien
803 992 894 1035 III
906 1007 954 1047 p.
979 995 1068 1042 165,
1092 995 1189 1043 327,
1222 994 1368 1036 consul
1406 996 1539 1049 iyr'tar
1568 997 1771 1049 suffectus
1801 1013 1913 1042 anno
1942 1001 2011 1049 89,

271 1077 353 1117 qao
385 1062 651 1106 Saenianum
687 1061 896 1104 consulem
936 1062 1069 1115 fnisse
1106 1065 1204 1104 aeta
1233 1062 1461 1106 Arvalium
1492 1065 1639 1109 docent
1669 1068 1741 1122 (ef.
1772 1081 1906 1122 supra
1936 1069 2012 1110 snb

274 1131 496 1175 Peducaeo
527 1131 778 1186 Saenz'ano).

275 1200 324 1244 C.
347 1200 580 1244 Sallustius
602 1199 783 1257 Crispus
806 1199 1088 1255 (praenomen
1108 1199 1304 1243 indicant
1330 1202 1448 1244 titali
1476 1202 1723 1247 libertorum
1752 1219 2014 1248 servoramve

273 1270 450 1313 V6821.
494 1269 562 1312 VI
573 1272 703 1319 5882,
730 1283 910 1323 quoram
929 1268 997 1311 hic
1026 1283 1129 1311 sane
1159 1273 1399 1324 suspeetas;
1430 1274 1611 1314 ceteram
1638 1287 1725 1315 non
1745 1275 1892 1328 potnit
1922 1274 2010 1317 alio

268 1338 552 1394 praenomine
581 1339 648 1380 uti
684 1351 735 1380 ae
766 1341 897 1392 pater
928 1336 1182 1392 adoptivus),
1221 1339 1412 1394 equestri
1445 1346 1564 1382 ortus
1596 1340 1702 1394 loco,
1736 1341 1784 1386 C.
1819 1343 2013 1386 Sallustii

274 1407 430 1464 Crispi,
464 1422 608 1450 rerum
639 1408 877 1464 scriptoris,
911 1407 1072 1450 sororis
1103 1399 1237 1464 nepos
1269 1414 1312 1449 et
1341 1407 1396 1450 ab
1427 1423 1478 1450 eo
1510 1410 1555 1450 in
1581 1425 1738 1452 nomen
1759 1411 2015 1469 adsumptus

278 1476 376 1519 Tae.
400 1491 439 1519 a.
461 1480 500 1527 3,
524 1480 592 1520 30.
653 1475 844 1532 Augusti
874 1477 1066 1534 primum
1096 1476 1373 1520 adversarius
1405 1477 1568 1521 Seneca
1603 1479 1652 1521 cle
1683 1479 1796 1525 elem.
1828 1484 1866 1531 1,
1889 1485 1951 1532 10,
1975 1485 2013 1532 1,

272 1545 431 1588 deinde
462 1546 630 1589 amicus
659 1546 743 1598 id.;
775 1545 894 1589 Plin.
916 1546 956 1590 k.
979 1560 1022 1588 n.
1041 1548 1106 1597 34,
1129 1549 1168 1588 3.
1221 1545 1499 1603 Quamquam
1526 1555 1725 1604 prompto
1748 1549 1802 1590 ad
1830 1549 2014 1592 honores

273 1614 407 1670 aditu,
431 1616 591 1657 mansit
612 1630 744 1672 eques
765 1615 1000 1670 Romanus,
1023 1615 1321 1659 Maecenatem
1345 1615 1585 1659 aemulatus
1615 1617 1712 1660 Tae.
1735 1618 1761 1660 l.
1785 1632 1817 1662 e.
1854 1617 2015 1660 Multos

275 1683 602 1741 triumphalium
633 1683 1013 1741 consulariumque
1043 1684 1234 1740 potentia
1265 1683 1458 1728 anteibat
1489 1686 1544 1727 ib.
1605 1685 1817 1728 Incolumi
1848 1686 2017 1728 Maece-

275 1759 376 1796 nate
406 1753 645 1810 proximus,
677 1759 776 1810 post
804 1754 1078 1810 praecipuus,
1111 1755 1182 1796 cui
1205 1760 1372 1797 secreta
1392 1754 1706 1811 imperatorum
1728 1756 2018 1797 inniterentur

273 1823 331 1867 ib.
391 1822 445 1865 A.
477 1837 519 1879 p.
552 1821 653 1866 Chr.
681 1823 734 1865 14
765 1823 940 1879 scripsit
969 1821 1024 1865 ad
1057 1821 1282 1865 tribunum
1314 1823 1536 1865 custodiae
1564 1823 1789 1880 Agrippae
1820 1825 2015 1867 Postumi

274 1892 581 1949 praepositum,
616 1898 664 1934 ut
695 1906 794 1933 eum
824 1891 1087 1934 interficeret
1116 1892 1213 1936 Tae.
1238 1906 1278 1934 a.
1301 1895 1338 1943 1,
1362 1895 1389 1934 6
1420 1893 1475 1947 ef.
1497 1895 1536 1943 3,
1558 1896 1625 1937 30.
1681 1892 1736 1935 A.
1765 1908 1805 1949 p.
1837 1892 1936 1935 Chr.
1965 1894 2017 1935 16

275 1961 398 2003 iussu
429 1961 594 2004 Tiberii
625 1960 870 2018 Agrippam
900 1960 1056 2004 falsum
1088 1960 1417 2017 comprehendit
1445 1962 1502 2006 ib.
1534 1964 1577 2012 2,
1607 1965 1672 2004 40.
1733 1962 1890 2004 Aetate
1920 1976 2015 2018 pro-

278 2036 403 2073 vecta
434 2031 478 2072 in
509 2031 701 2073 amicitia
729 2031 939 2088 principis
971 2031 1161 2087 speciem
1190 2031 1330 2085 magis
1363 2046 1494 2087 quam
1524 2032 1614 2073 vim
1646 2032 1784 2073 tenuit
1809 2032 1864 2075 ib.
1887 2034 1925 2081 3,
1948 2034 2017 2073 30.

275 2100 477 2142 Mortuus
499 2106 564 2143 est
584 2115 621 2144 a.
645 2115 687 2157 p.
710 2100 813 2144 Chr.
838 2101 889 2144 21
913 2101 971 2145 ib.
1022 2099 1094 2143 Ad
1117 2115 1214 2143 eum
1235 2100 1337 2143 data
1358 2102 1551 2143 carmina
1572 2101 1745 2143 Horatii
1770 2115 1899 2143 earm.
1921 2104 1963 2155 2,
1986 2103 2018 2143 2

277 2174 320 2211 et
360 2168 628 2224 Crinagorae
669 2169 783 2212 anth.
818 2169 916 2215 Pal.
948 2173 1014 2221 16,
1044 2173 1099 2212 40
1140 2169 1415 2226 (Rubensohn
1454 2170 1721 2225 Crinayorae
1763 2169 2020 2225 Ilffylz'lenaei

277 2239 588 2294 epiyrammata
609 2254 658 2294 p.
681 2242 760 2282 100
779 2254 822 2282 n.
839 2239 925 2282 XL
937 2239 1093 2293 VIII).
1135 2240 1205 2282 De
1225 2239 1418 2282 moribus
1440 2241 1533 2282 eius
1560 2240 1659 2290 Tae.
1683 2240 1709 2282 l.
1733 2254 1767 2282 e.
1809 2238 2016 2282 Liberali·

278 2313 410 2350 tatem
450 2309 542 2350 eius
581 2307 772 2351 celebrat
809 2307 1075 2364 Grinayoras
1115 2308 1142 2351 l.
1174 2322 1208 2351 e.
1269 2309 1432 2351 Romae
1473 2299 1687 2351 habitavit
1722 2323 1858 2365 prope
1892 2307 2016 2349 ‘Tres

277 2377 510 2419 Fortunas'
554 2376 815 2432 Crinayoras
856 2377 882 2420 l.
924 2391 959 2421 e.
1001 2378 1092 2433 (qni
1130 2377 1244 2420 loeas
1283 2378 1371 2432 fait
1407 2392 1545 2433 prope
1576 2381 1754 2432 portam
1790 2376 2013 2426 Collinam,

278 2445 438 2489 Vitruv.
469 2449 509 2497 3,
539 2449 583 2496 2,
613 2450 645 2490 2
675 2447 730 2500 ef.
761 2446 1078 2501 Zanyemeister
1112 2446 1259 2491 Herm.
1292 2451 1324 2490 2
1354 2462 1401 2502 p.
1434 2449 1547 2503 469),
1590 2447 1750 2489 scilieet
1793 2446 1838 2488 in
1882 2444 2018 2487 hortis

277 2514 570 2566 Sallustianis,
604 2516 806 2558 extructis
827 2530 854 2558 a
871 2519 1002 2570 patre
1030 2515 1226 2570 adoptivo
1258 2516 1358 2566 eins,
1393 2516 1513 2558 onias
1541 2515 1772 2558 hereditate
1794 2514 1852 2557 acl
1879 2515 2018 2568 ipsam

281 2584 522 2639 pervenisse
549 2584 739 2638 putandi
775 2588 886 2636 sunt,
926 2585 1021 2627 sitis
1062 2587 1102 2627 et
1130 2585 1237 2639 ipsis
1265 2599 1351 2627 non
1383 2585 1502 2639 lonye
1531 2599 1559 2627 a
1579 2587 1712 2639 porta
1744 2583 1912 2626 Collina
1943 2582 2016 2636 (ef.

277 2653 442 2696 Becker
479 2653 580 2708 Top.
615 2668 663 2708 p.
693 2656 787 2698 583.
828 2656 940 2711 585).
1007 2653 1290 2696 Aerifodinae
1330 2655 1422 2697 eius
1463 2654 1507 2696 in
1549 2653 1816 2697 Ceutronum
1856 2651 2016 2708 Alpino

279 2728 440 2778 tractu,
480 2722 594 2765 unde
624 2724 746 2766 venit
776 2738 848 2765 aes
880 2722 1192 2767 Sallustianum
1222 2738 1300 2779 per
1334 2722 1512 2779 aliquod
1553 2729 1721 2779 tempus
1754 2720 2018 2764 celebratum

279 2792 394 2836 Plin.
416 2791 457 2836 h.
479 2806 520 2837 n.
541 2794 608 2843 34,
629 2794 669 2834 3.
687 2817 744 2821 -
765 2791 910 2834 Huius
931 2795 1040 2847 palo
1062 2791 1110 2836 C.
1134 2790 1330 2835 Sallustii
1353 2790 1497 2848 Crispi
1529 2806 1680 2833 servus
1701 2792 1747 2833 in
1769 2793 1795 2832 t.
1825 2789 1893 2832 VI
1904 2791 2018 2831 5882

279 2861 353 2905 sed
391 2864 604 2916 suspeeto;
643 2860 788 2904 liberti
826 2861 1029 2904 libertae:
1068 2860 1276 2904 Sallustia
1315 2859 1459 2917 Crispi
1491 2860 1517 2903 l.
1550 2860 1705 2916 Helpis
1738 2859 1807 2902 VI
1830 2861 2015 2906 2579211,

281 2930 330 2973 C.
354 2929 584 2973 Sallustius
611 2929 756 2986 Crispi
786 2929 813 2972 l.
836 2930 1050 2986 Eras[t]us
1071 2929 1229 2984 aliique
1257 2930 1304 2972 in
1335 2933 1364 2972 t.
1395 2929 1622 2984 sabalpz'no
1654 2928 1831 2971 V6821.
1878 2926 2017 2968 Plane

280 3000 487 3041 incertam
516 3013 617 3042 num
645 2998 714 3041 hic
746 2998 976 3042 Sallustius
999 2998 1156 3042 Horat.
1179 3002 1259 3041 sat.
1281 3002 1320 3049 1,
1344 3002 1387 3049 2,
1408 3001 1475 3041 48.

283 3066 514 3110 Sallustius
554 3067 892 3124 Fulvianus(‘?):
937 3067 1186 3110 ‘Sallustius
1227 3059 1393 3122 noster,
1436 3082 1552 3109 nunc
1594 3064 1851 3108 Fulvianus'
1897 3064 2016 3103 iussu

281 3137 386 3179 Veri
441 3135 706 3192 exemplaria
758 3136 1003 3178 litterarum
1053 3151 1079 3179 a
1124 3136 1307 3179 ducibus
1357 3134 1461 3178 belli
1507 3134 1700 3176 Parthici
1746 3131 1803 3174 ad
1850 3131 2014 3173 Verum

281 3207 551 3262 scriptarum,
584 3205 686 3247 item
718 3206 909 3261 picturas
939 3204 1161 3261 quasdam,
1194 3204 1407 3247 Frontoni
1444 3202 1624 3245 tradidit
1655 3201 1784 3244 Verus
1814 3200 1912 3253 imp.
1946 3213 2015 3251 ap.

212 3275 225 3284 ²
281 3274 544 3317 Frontonem
570 3288 632 3328 ep.
656 3273 714 3316 aol
743 3273 894 3317 Veram
915 3277 958 3325 2,
979 3277 1008 3316 3
1036 3274 1102 3329 (p.
1124 3276 1204 3316 131
1228 3272 1405 3327 Naber).
1460 3271 1527 3326 Cf.
1550 3285 1683 3325 snpra
1703 3269 1779 3312 sub
1801 3267 2015 3310 Falm‘ano

284 3344 348 3400 (F
371 3342 481 3398 351).
