2242 3672
280 249 530 286 VALERrvs
1139 240 1226 284 364
1294 278 1297 279 γ
1839 217 2093 288 vmms

366 379 590 422 Corvinum
611 380 695 420 sibi
714 378 917 431 reperisse
935 379 1016 419 visi
1035 380 1143 422 sunt'.
1167 382 1243 420 aut
1262 382 1346 420 tres
1366 378 1554 421 homines
1573 380 1886 435 siqnificantur,
1918 382 2089 433 Pedius,

364 448 600 497 Publchola
624 446 828 488 Corvinus
848 447 924 500 (sic
947 446 1193 502 Nipperdey
1213 461 1352 501 opusc.
1375 462 1424 502 p.
1445 451 1540 498 495,
1561 449 1637 503 qui
1653 450 1745 491 sine
1768 463 1912 500 causa,
1934 450 2094 493 scilicet

359 519 538 569 propter
566 514 675 555 male
706 514 854 555 lectum
883 514 1050 555 titulum
1069 514 1262 557 Atticum
1288 515 1443 559 CIAtt.
1469 517 1558 558 ΙΙΙ
1579 519 1674 567 866,
1705 519 1958 560 retractavit
1985 532 2092 573 quae

363 584 471 625 flexit
499 584 555 624 ib.
579 597 626 636 p.
647 581 758 636 450),
791 585 866 623 aut
897 582 990 632 duo,
1022 581 1181 625 Pedius
1210 583 1437 626 Publicola
1466 588 1506 626 et
1531 584 1750 628 Corvinus.

451 651 509 692 Μ.
533 651 574 704 f.,
602 651 709 703 fasti
730 650 927 704 triumph.
958 650 1078 705 Cap„
1100 651 1188 694 Dio
1209 652 1295 694 ind.
1319 652 1344 696 l.
1365 655 1433 703 50,
1464 653 1523 695 Μ.
1545 668 1587 695 n.
1608 654 1716 707 fasti
1737 654 1951 709 triumph„
1972 654 2090 710 Gap„

362 720 646 772 fraymentum
684 718 810 772 elogJii
838 718 952 760 CIL.
985 719 1019 761 I
1042 719 1102 761 ed.
1135 724 1167 762 2
1189 735 1235 774 p.
1266 724 1352 763 201
1380 736 1422 765 n.
1452 721 1551 764 XL.
1611 721 1779 764 Filium
1814 735 1902 765 esse
1939 723 2092 766 statuit

359 786 617 840 Boryhesius
646 801 739 840 opp.
762 790 800 840 1,
822 790 907 828 407
938 788 1003 829 Μ.
1036 788 1199 830 Valerii
1230 789 1462 832 Messallae
1493 790 1676 833 consulis
1707 805 1747 833 a.
1779 794 1872 845 693,
1905 791 2091 834 censoris
2161 792 2225 854 ζ

361 870 399 898 a.
432 854 612 897 699l700
651 869 743 897 cum
783 855 834 898 P.
867 856 1050 899 Servilio
1077 857 1293 909 Isaurico,
1336 858 1386 900 de
1416 859 1535 901 cuius
1569 860 1659 901 vita
1698 859 1757 901 acl
1791 859 1971 914 cloyium
2001 860 2091 902 eius

358 937 491 977 nuper
529 927 741 977 repertum
780 925 873 978 eyit·
904 925 1143 968 Mommsen
1178 926 1268 980 eph.
1311 941 1372 980 ep.
1401 930 1429 968 3
1459 942 1507 981 p.
1538 931 1570 970 2
1598 941 1706 982 369.;
1749 928 1797 970 id
1839 927 1953 982 quod
1995 942 2092 971 con-

359 992 558 1045 firmatur
607 1007 658 1034 ea
711 1007 758 1034 re
811 993 922 1046 quod
977 995 1099 1036 iuxta
1143 994 1321 1049 eloyium
1365 995 1548 1038 consulis
1593 997 1700 1038 anni
1743 1000 1824 1039 693
1866 999 2094 1052 supersunt

360 1059 525 1102 litterae
556 1094 565 1102 .
584 1093 592 1102 .
614 1094 623 1102 .
642 1061 752 1112 inus,
782 1061 957 1103 relictae
983 1065 1032 1104 ut
1059 1063 1225 1105 videtur
1255 1077 1306 1106 ex
1332 1062 1508 1106 Corvini
1530 1064 1709 1108 nomine.
1749 1064 1967 1108 Oriundus
1996 1065 2088 1108 sine
2176 1072 2178 1074 ’

358 1128 482 1170 dubio
505 1143 533 1170 a
553 1129 618 1171 Μ.
653 1129 821 1172 Valerio
848 1130 1046 1173 Maximo
1076 1132 1287 1174 Messalla
1317 1132 1484 1175 consule
1514 1147 1553 1176 a.
1574 1136 1667 1184 491,
1698 1134 1797 1175 item
1827 1147 1877 1176 ex
1896 1133 2084 1187 posteris

359 1196 426 1239 M.
466 1197 628 1239 Valerii
662 1197 791 1240 Corvi
827 1199 912 1241 sive
951 1199 1145 1251 Corvini,
1187 1200 1370 1243 consulis
1409 1202 1542 1244 sexies
1572 1202 1626 1244 ab
1664 1216 1704 1245 a.
1734 1205 1816 1244 406
1846 1201 1906 1244 ad
1932 1215 1975 1244 a.
2002 1203 2083 1246 455

357 1264 467 1316 (eam
505 1267 709 1321 oriqinem
747 1267 845 1328 filio
879 1268 968 1310 eius
999 1267 1143 1312 Cottae
1175 1269 1414 1313 Messalino
1450 1270 1603 1313 diserte
1634 1271 1841 1321 adscribit
1867 1270 1996 1314 schol.
2027 1269 2086 1313 ad
2122 1285 2124 1288 ⁴
2187 1245 2236 1341 Κ

358 1334 474 1377 Pers.
495 1338 538 1385 2,
559 1335 646 1390 72).
713 1335 888 1378 Videtur
918 1340 1058 1379 autem
1089 1337 1192 1380 haec
1223 1338 1490 1381 Valeriorum
1518 1340 1650 1394 stirps
1680 1339 1858 1382 deducta
1886 1352 1974 1382 esse
2000 1352 2088 1383 non

358 1416 386 1443 a
405 1402 457 1446 P.
489 1403 657 1446 Valerio
674 1404 901 1447 Publicola
930 1420 1012 1448 cos.
1035 1421 1074 1448 a.
1096 1409 1194 1457 245,
1226 1407 1301 1450 sed
1319 1408 1373 1450 ab
1402 1408 1492 1451 eius
1513 1408 1654 1462 fratre
1684 1408 1852 1451 Valerio
1876 1407 2083 1458 Maximo,

357 1472 474 1513 cuius
504 1475 620 1514 extat
649 1473 828 1528 eloqium
858 1474 986 1529 (CIL.
1018 1475 1053 1517 I
1075 1475 1137 1518 ed.
1168 1479 1200 1519 2
1222 1491 1270 1530 p.
1291 1475 1391 1531 191)
1421 1477 1476 1530 cf.
1507 1480 1684 1519 stemma
1714 1476 1980 1520 Valeriorum
2008 1475 2085 1519 ad-

356 1540 505 1582 iectum
536 1541 595 1583 ad
620 1541 675 1607 Ε.
700 1542 925 1585 Μ1ι61166ν1
954 1543 1291 1587 dissertationem
1316 1544 1462 1587 Berol.
1495 1545 1544 1588 de
1567 1548 1688 1600 gente
1719 1545 1900 1588 Valeria
1929 1545 2075 1601 (1891)
2124 1587 2126 1589 ,

357 1612 394 1650 et
423 1609 587 1651 videtur
616 1611 868 1654 abstinuisse
896 1611 1146 1656 Publicolae
1175 1614 1417 1668 coynomine
1447 1614 1520 1669 (cf.
1551 1613 1716 1670 supra).
1779 1614 2090 1662 ‘Laevinorum

354 1676 538 1719 alienam
559 1680 791 1734 imaginem
812 1682 931 1734 genti
951 1696 1053 1723 suae
1073 1682 1206 1724 inseri
1228 1682 1464 1739 prohibuit‘
1485 1682 1605 1725 Plin.
1627 1682 1668 1725 h.
1689 1697 1731 1726 n.
1751 1685 1820 1733 35,
1839 1685 1882 1725 8.
1925 1681 2091 1726 Nobili-

360 1752 490 1788 tatem
531 1762 653 1789 suam
684 1749 728 1790 in
764 1748 947 1792 dicendo
978 1750 1252 1806 praeferebat
1280 1751 1455 1805 Quintil.
1486 1755 1553 1802 10,
1579 1755 1618 1803 1,
1651 1755 1744 1794 113.
1784 1799 1788 1804 ,
1813 1751 1972 1794 Frater
1999 1749 2090 1806 (L.)

360 1814 490 1857 Gellii
522 1815 766 1859 Poblieolae
797 1818 890 1862 Lu.
915 1833 1012 1873 per.
1043 1822 1153 1870 122,
1194 1819 1284 1863 Dio
1312 1824 1380 1872 47,
1410 1823 1469 1864 24
1499 1820 1653 1876 (frater
1683 1820 1807 1863 Pedii
1840 1818 2088 1864 Poblicolae
2156 1806 2222 1880 ἐξ

361 1883 570 1927 Ps.-Acro
611 1885 669 1927 ad
704 1886 885 1937 Horat.,
925 1890 1005 1931 sat.
1043 1891 1082 1938 1,
1113 1891 1180 1938 10,
1211 1888 1311 1941 25);
1353 1888 1475 1931 Polla
1512 1888 1674 1943 (Πάλλα
1710 1889 1916 1944 traditur)
1956 1894 2085 1932 natus
2163 1890 2212 1949 ssi.

354 1951 441 1994 Dio
462 1952 491 1995 l.
514 1967 546 1995 c.
597 1952 803 1997 Fortasse
831 1955 941 1998 hunc
971 1957 1154 2009 fratrem
1172 1961 1377 2000 memorat
1396 1958 1553 2001 Horat.
1575 1961 1655 2001 sat.
1677 1961 1716 2008 1,
1737 1961 1804 2009 10,
1825 1960 1880 2000 85
1908 1960 2084 2013 (certum
2145 2014 2147 2016 q

354 2024 457 2062 esset
495 2021 604 2064 hunc
643 2023 902 2078 siqnificari,
944 2025 985 2067 si
1023 2029 1234 2068 constaret
1277 2026 1452 2069 eundem
1495 2027 1737 2082 siynificari
1776 2027 1834 2071 ib.
1872 2040 1910 2069 v.
1944 2029 1989 2070 2.
2024 2029 2086 2070 28

353 2088 602 2132 Publicolae
620 2092 812 2143 nomine,·
841 2096 1022 2135 ceterum
1050 2093 1213 2136 nullum
1244 2094 1376 2136 alium
1405 2095 1586 2149 fratrem
1609 2094 1842 2137 Messallae
1870 2094 2004 2148 fuisse
2033 2106 2085 2139 ατ
2103 2091 2114 2095 ”

354 2157 537 2200 Horatio
557 2173 641 2201 non
660 2164 770 2202 recte
796 2161 963 2216 collegit
983 2162 1231 2217 Nipperdey
1257 2177 1395 2217 opusc.
1418 2178 1467 2218 p.
1482 2162 1593 2218 495).
1639 2162 1874 2206 Praeterea
1900 2163 2083 2217 fratrem

354 2226 442 2268 eius
480 2227 611 2280 fuisse
641 2230 818 2271 coniecit
846 2229 1106 2285 Boryhesius
1137 2245 1231 2285 opp.
1262 2235 1311 2282 1,
1342 2235 1429 2275 412
1470 2232 1536 2274 M.
1579 2231 1794 2274 Valerium
1829 2230 2082 2275 Messallam

354 2294 542 2337 Potitum
563 2297 770 2339 consulem
792 2313 830 2341 a.
852 2302 943 2342 722
965 2299 1144 2350 1161725,
1167 2301 1218 2354 cf.
1241 2300 1363 2354 infra
1384 2300 1442 2356 (n.
1464 2300 1534 2356 94)
1564 2300 1640 2343 sub
1671 2299 1761 2343 hoc.
1817 2300 2082 2355 Quamquam
2119 2294 2201 2356 ·“

352 2363 518 2413 mirum,
531 2365 576 2406 in
591 2365 851 2408 celeberrimi
860 2367 1042 2410 hominis
1053 2369 1258 2410 memoria
1269 2383 1486 2422 nunquam
1498 2369 1651 2423 fratris
1663 2368 1803 2412 codem
1809 2371 1940 2423 patre
1947 2368 2084 2423 yeniti

354 2431 554 2474 disertam
574 2435 822 2484 mentionem
842 2436 951 2490 fieri.
983 2436 1077 2479 Hos
1097 2451 1182 2479 esse
1201 2437 1445 2489 Messallas,
1468 2452 1645 2492 quorum
1659 2451 1846 2480 sororem
1865 2436 2082 2480 Valeriam

350 2503 515 2543 mortuo
545 2502 693 2545 Servio
720 2505 877 2547 marito
909 2505 1091 2559 amplius
1118 2507 1275 2548 nubere
1304 2506 1486 2548 noluisse
1515 2507 1648 2560 refert
1668 2506 1955 2561 Hieronymus
1982 2505 2078 2548 adv.

351 2568 620 2612 Iove‘nianum
648 2575 685 2620 1,
719 2575 786 2624 48,
819 2575 995 2616 coniecit
1024 2574 1178 2629 Haupt
1206 2574 1354 2617 Herm.
1380 2577 1420 2625 5,
1450 2578 1505 2617 33
1526 2594 1580 2609 =
1602 2589 1695 2629 opp.
1714 2578 1753 2625 3,
1777 2577 1876 2619 502.
1917 2573 2080 2645 Aliqua
2116 2601 2126 2629 χ

357 2637 577 2690 parentela
606 2641 860 2684 coniunctus
891 2657 988 2684 cum
1011 2643 1062 2696 Q.
1088 2643 1222 2685 Pedio
1253 2642 1429 2685 consule
1459 2658 1498 2686 a.
1522 2644 1600 2686 711
1626 2643 1744 2698 (avia
1763 2643 1932 2699 nepotis
1952 2642 1989 2687 P
2014 2647 2027 2654 ”’
2050 2642 2078 2684 ’ἰ

355 2719 408 2746 ex
439 2707 531 2748 eius
561 2707 724 2751 familia
756 2711 914 2765 fuerat)
945 2711 1064 2754 Plin.
1095 2712 1136 2754 k.
1165 2726 1206 2754 n.
1237 2714 1302 2763 35,
1333 2714 1405 2755 21.

450 2774 651 2817 Natalem
700 2778 787 2819 eius
837 2779 1066 2834 adscripsit
1114 2779 1397 2835 Hieronymus
1442 2780 1583 2823 chron
1629 2780 1688 2822 ad
1731 2794 1771 2822 a.
1815 2779 1926 2826 Abr.
1968 2758 2080 2824 1958
2122 2796 2124 2799 ·

353 2840 408 2894 (a.
450 2856 492 2884 u.
531 2857 564 2885 c.
603 2845 698 2898 695)
743 2847 818 2898 vel,
868 2848 908 2889 si
951 2848 1132 2890 codicem
1178 2848 1459 2891 Petavianum
1502 2849 1727 2903 sequimur,
1776 2848 1835 2891 ad
1876 2862 1918 2891 a.
1967 2850 2077 2892 1959

352 2908 409 2961 (u.
432 2924 462 2952 6.
487 2910 596 2965 696),
629 2914 796 2955 omnino
821 2916 954 2967 111,·αἳ6
982 2930 1085 2958 11α111
1104 2917 1316 2959 Messalla
1344 2921 1472 2960 natus
1502 2932 1541 2962 a.
1564 2920 1642 2960 695
1665 2931 1741 2960 nec
1771 2930 1924 2960 causas
1953 2930 2118 2972 aym

348 2978 489 3029 potuit
517 2992 608 3022 vivo
645 2980 843 3025 Cicerone
872 2998 1002 3037 neque
1029 2999 1069 3029 a
1093 2988 1177 3028 712
1204 2986 1251 3028 in
1280 2987 1435 3028 castris
1462 2986 1595 3028 Bruti
1623 2989 1662 3028 et
1688 2984 1831 3028 Cassii
1850 2983 2197 3047 prom

352 3058 436 3087 (sse
467 3060 495 3087 a
526 3046 702 3090 ducibus
731 3050 802 3104 (cf.
835 3052 985 3106 imnfra)
1039 3053 1213 3095 Videtur
1240 3057 1368 3097 natus
1399 3068 1483 3097 esse
1513 3055 1629 3097 circa
1659 3068 1698 3096 a.
1721 3054 1803 3097 690
1833 3053 1897 3106 (ut
1922 3040 2099 3097 statuis

351 3111 607 3166 Borthsius
630 3131 722 3171 opp.
747 3123 782 3167 1,
805 3123 886 3160 410
904 3123 1018 3175 seq).
1038 3146 1088 3151 —
1109 3121 1284 3164 Patrem
1305 3123 1496 3165 amiserit
1514 3136 1676 3165 necesse
1697 3125 1759 3164 est
1788 3125 1885 3164 ante
1915 3136 1958 3166 a.
1979 3124 2074 3173 708,

352 3193 443 3221 cum
471 3182 509 3222 is
537 3183 648 3225 inter
677 3189 863 3228 mortuos
892 3192 1144 3230 memoretur
1172 3189 1255 3232 Oic.
1287 3190 1415 3233 Brut.
1438 3194 1505 3241 70,
1527 3194 1624 3233 246.
1673 3189 1869 3232 Athenas
1899 3203 1946 3232 se
1975 3203 2075 3232 eon·

353 3246 437 3289 fert
480 3263 516 3290 a.
559 3251 640 3292 709
686 3252 941 3305 (studiorum
990 3258 1137 3311 eausa)
1180 3257 1263 3302 Cic,
1307 3258 1365 3300 acl
1399 3258 1490 3300 Att.
1531 3261 1612 3309 12,
1652 3261 1733 3308 32,
1771 3257 1885 3300 redit
1919 3272 1958 3301 a.
1990 3257 2074 3300 710

354 3315 408 3356 ib.
437 3319 501 3366 15,
524 3321 585 3368 17,
609 3323 641 3361 2
671 3320 844 3374 (absens
873 3322 1015 3366 idibus
1045 3325 1216 3367 Martiis
1247 3341 1285 3369 a.
1318 3326 1402 3369 710
1431 3327 1611 3374 edictum
1641 3326 1971 3376 triumvirorum,
2003 3339 2073 3380 ap.
