2242 3672
121 291 388 328 TIMOXENA
987 290 1068 332 321
1737 290 1940 332 TINEIVS

201 422 326 466 'Plut.
349 438 398 478 p.
421 426 538 466 608⁶.
599 424 670 467 Ab
710 424 791 468 hac
832 425 912 478 (vel
942 426 1091 480 potius
1122 440 1150 468 a
1180 424 1415 468 Plutarcho
1444 426 1523 468 sub
1554 427 1644 468 eius
1673 427 1852 478 nomine,
1886 428 1941 481 cf.

206 492 491 536 Wilamowite
527 493 615 536 incl.
653 493 743 536 lect.
782 494 972 549 Gottiny.
1003 497 1113 538 1889
1143 509 1190 549 p.
1210 494 1286 548 27)
1330 494 1386 537 ad
1425 494 1682 552 Aristyllam
1723 496 1943 552 quandam

205 559 331 603 datus
362 560 472 604 liber
501 564 589 619 περὶ
621 564 883 619 φιλοκοσμίας
911 562 1028 606 Plut.
1062 564 1225 618 coniuy.
1246 567 1463 618 praecept.
1496 578 1530 606 c.
1551 567 1607 606 48
1625 579 1675 619 p.
1698 567 1779 607 145
1789 562 1824 608 Α.

123 629 204 672 164
234 629 477 674 Timoxena
511 640 678 687 (nomen
708 635 769 674 est
799 632 918 677 Plut.
949 635 1079 688 611⁶),
1121 634 1212 675 eius
1244 648 1356 689 quae
1395 633 1618 690 praecedit
1648 641 1691 676 et
1720 633 1945 676 Plutarchi

207 697 317 753 filia,
360 714 448 756 qua
489 699 653 742 bimula
683 700 889 743 defuncta
919 700 1039 743 Plut.
1061 716 1110 756 p.
1136 701 1260 755 6101),
1295 708 1419 758 pater
1449 702 1504 744 ad
1534 709 1714 744 matrem
1745 702 1866 745 dedit
1896 702 1943 743 li-

207 767 369 810 bellum
400 768 738 811 conSolatorium
769 772 844 826 qui
875 776 995 813 extat
1026 770 1145 813 Plut.
1180 771 1297 814 Mor.
1320 786 1370 825 p.
1391 774 1474 813 608
1493 785 1575 825 seq.

127 836 205 879 165
237 842 440 879 TINEIVS
474 842 709 880 CLEMENS
738 838 818 892 (sic
837 838 1070 889 XIV169,
1103 839 1283 881 Tineius
1315 838 1450 883 Clem.
1483 840 1572 882 III
1593 843 1716 891 4407,
1751 839 1946 895 [Ti]neus

208 904 409 948 Clemens
439 906 530 949 III
552 906 598 951 S.
631 910 791 958 12802,
819 911 1051 962 praeterea
1083 907 1316 962 Clemens),
1359 908 1508 950 consul
1540 909 1631 951 ord.
1664 924 1702 951 a.
1738 909 1817 951 195
1849 924 1947 951 cum

174 980 177 982 ’
209 973 398 1031 Scapula
418 974 615 1017 Tertullo
636 976 756 1030 fasti.
803 975 1010 1019 Diversus
1032 977 1254 1031 putandus
1284 980 1345 1019 est
1369 977 1502 1031 fuisse
1527 979 1574 1030 Q.
1604 977 1774 1019 Tineius
1796 977 1948 1020 Sacer—

209 1042 283 1086 dos
311 1044 447 1086 salius
475 1043 707 1087 Palatinus
737 1059 777 1087 a.
808 1048 900 1100 170,
934 1045 1124 1099 idemque
1152 1049 1200 1087 ut
1227 1045 1392 1088 videtur
1424 1046 1568 1088 consul
1594 1047 1748 1089 iterum
1779 1061 1818 1088 a.
1849 1049 1947 1097 219,

207 1125 300 1154 cum
338 1127 470 1167 neque
508 1113 606 1156 huic
643 1128 843 1168 umquam
884 1114 1137 1165 Clementis,
1180 1129 1311 1168 neque
1350 1115 1419 1156 illi
1449 1115 1694 1158 Sacerdotis
1725 1129 1951 1170 coynomen

208 1182 424 1224 tribuatur
454 1181 686 1238 (Boryhesi
716 1198 809 1238 opp.
831 1186 871 1234 8,
895 1186 1006 1236 190).

124 1250 207 1293 166
242 1256 444 1292 TINEIVS
488 1257 685 1294 LONGVS
732 1252 978 1309 praefectus
1024 1254 1243 1309 equitumz,
1291 1254 1332 1294 in
1378 1253 1654 1309 praefectura
1697 1253 1784 1295 lato
1826 1253 1948 1295 clavo

209 1327 444 1362 exornatus
476 1328 519 1363 et
547 1321 791 1377 q(uaestor)
824 1321 1112 1377 d(esignatus)
1144 1322 1346 1373 VII504‚
1381 1337 1476 1364 cum
1510 1322 1748 1364 consularis
1780 1323 1948 1365 Britan-

211 1389 309 1430 niae
341 1396 454 1431 esset
474 1389 632 1446 Ulpius
654 1390 887 1432 Marcellus
909 1391 966 1433 ib.
996 1391 1063 1446 (cle
1091 1394 1273 1445 tempore
1304 1392 1358 1445 cf.
1389 1392 1466 1433 sub
1498 1391 1628 1446 Ulpio
1651 1391 1892 1439 Marcello).

127 1457 207 1499 167
239 1463 290 1500 Μ.
314 1463 516 1516 TINEIVS
541 1464 741 1501 OVINIVS
766 1465 952 1501 CASTVS
976 1465 1209 1501 PVLCHER
1227 1460 1279 1503 L.
1304 1460 1346 1515 f.,
1380 1460 1496 1502 tribu
1524 1460 1655 1514 Arn.;
1688 1459 1950 1502 clarissimus

209 1525 300 1580 vir,
344 1534 551 1582 quaestor
588 1528 802 1582 urbanus,
835 1535 1010 1585 praetor
1045 1528 1327 1582 candidatus,
1361 1528 1534 1583 consul,
1574 1528 1771 1585 pontifex
1813 1530 1951 1571 maior

211 1598 239 1638 t.
277 1593 529 1639 Tiburtinus
558 1596 685 1639 XIV
705 1600 826 1641 3614.

126 1664 208 1707 168
239 1671 442 1707 TINEIVS
473 1671 651 1709 RVFVS.
699 1664 877 1724 Ῥοῦφος
895 1666 1053 1709 Euseb.
1076 1666 1173 1708 hist.
1198 1666 1319 1717 eccl.;
1350 1665 1500 1713 Τι’ννιος
1520 1665 1696 1723 Ῥοῦφος
1716 1666 1949 1721 Synoellus,

210 1734 366 1777 Tinius
407 1734 547 1777 Rufus
578 1735 827 1790 IIieronym.
861 1735 1026 1786 chron„
1067 1736 1168 1777 item
1207 1735 1298 1777 sine
1337 1735 1465 1778 dubio
1506 1750 1650 1778 comm.
1692 1737 1738 1778 in
1776 1735 1950 1778 Daniel.

210 1803 304 1858 (ubi
327 1803 468 1846 editur
488 1804 602 1846 Tim·
624 1819 711 1859 pro
732 1804 893 1860 Tini-);
924 1805 970 1846 in
1000 1805 1189 1846 versione
1220 1804 1412 1846 chronici
1429 1804 1672 1847 Eusebiani
1690 1804 1953 1847 Armeniaca

206 1871 468 1926 yentilicium
489 1871 646 1914 dicitur
667 1886 753 1915 esse
774 1873 993 1926 Ticinius3
1025 1872 1150 1914 Titus
1172 1872 1343 1914 Annius
1369 1872 1510 1915 Rufus
1532 1872 1780 1928 Hieronym.
1803 1887 1948 1917 comm.

210 1940 257 1983 in
278 1940 410 1983 Zach.
430 1966 488 1971 —
509 1942 627 1994 Quae
648 1956 698 1984 ecc
716 1943 889 1996 seriptis
909 1941 1105 1984 Iudaicis
1124 1942 1382 1995 referuntur,
1407 1943 1575 1996 partim
1607 1946 1646 1984 et
1675 1944 1773 1997 ipsa
1795 1942 1953 1985 ducunt

212 2009 271 2052 ad
304 2010 505 2052 Tinnium
528 2010 695 2065 Rufum
726 2012 798 2066 (cf.
829 2011 1016 2054 Seliurer
1044 2011 1192 2053 Geseh.
1217 2010 1288 2053 des
1307 2007 1550 2065 judisehen‘
1566 2011 1691 2054 Volks
1720 2013 1775 2054 12
1798 2028 1846 2068 p.
1869 2015 1952 2056 575

209 2081 296 2121 not.
326 2081 412 2136 99),
458 2079 532 2122 sed
561 2080 777 2135 plerisque
817 2079 920 2122 locis
960 2080 1117 2122 dicitur
1157 2080 1360 2122 Tur-anus
1403 2080 1562 2134 Rufus,
1605 2081 1717 2134 quod
1757 2082 1838 2123 alii
1865 2097 1952 2136 pro

211 2150 393 2202 tyranno
423 2148 544 2202 Rufo
585 2152 856 2203 acceperunt,
899 2149 979 2190 alii
1010 2163 1094 2203 pro
1132 2148 1353 2191 Turannio
1383 2149 1502 2202 Rufo
1534 2149 1660 2204 (unde
1698 2150 1775 2192 hoc
1802 2165 1954 2194 nomen

212 2217 330 2271 apud
348 2217 656 2272 Hieronymum
685 2219 731 2260 in
762 2218 948 2260 Zachar.
978 2218 1166 2272 reposuit
1197 2217 1467 2273 Vallarsius).
1490 2243 1548 2247 —
1574 2218 1766 2260 Tineium
1786 2220 1953 2274 Rufum

212 2285 369 2328 dictum
389 2286 522 2340 fuisse
543 2286 709 2340 colleyit
729 2285 989 2340 Boryhesius
1011 2300 1104 2340 opp.
1121 2289 1159 2335 4,
1177 2289 1262 2327 167
1287 2289 1374 2327 tam
1395 2300 1445 2327 ecc
1464 2287 1648 2328 nummis
1666 2287 1951 2342 Bieycmsium,

212 2354 262 2397 de
291 2368 469 2408 quorum
500 2354 674 2397 lectione
702 2354 795 2396 vide
821 2354 955 2408 infra,
988 2368 1115 2408 quam
1145 2368 1196 2396 ea·
1224 2355 1392 2397 nominc
1423 2355 1513 2397 eius
1541 2356 1616 2409 qui
1639 2358 1840 2410 sequitur.

298 2423 491 2478 Legatus
532 2438 611 2479 pro
652 2438 717 2479 pr.
758 2422 971 2465 Thraciae
1007 2423 1088 2465 sub
1133 2422 1355 2465 Hadriano
1396 2424 1560 2465 nummi
1595 2423 1868 2479 Bieyensium
1908 2428 1953 2469 in

218 2488 423 2543 Thracia,
455 2493 502 2534 in
531 2506 710 2546 quorum
740 2506 824 2534 uno
856 2492 993 2547 (quem
1014 2491 1207 2546 possidet
1227 2491 1443 2546 Lischine)
1474 2492 1529 2534 B.
1552 2492 1661 2535 Pick
1688 2508 1824 2548 nuper
1855 2495 1953 2549 leyit

213 2562 275 2604 ἐπὶ
302 2560 405 2605 Τινε.
427 2560 606 2618 Ῥούφου
638 2563 881 2619 πρεσβευτοῦ
912 2563 978 2604 καὶ
1007 2562 1068 2604 ἀν.
1091 2565 1159 2603 τοῦ
1189 2561 1235 2603 Σ.
1258 2560 1321 2613 (in
1351 2560 1534 2603 ciusdem
1562 2557 1727 2604 nummi
1755 2564 1954 2619 eoeemplis

214 2634 341 2673 antea
370 2631 482 2673 notis
503 2630 676 2681 duobus,
708 2645 886 2685 quorum
908 2630 1087 2672 alterum
1112 2629 1300 2684 Neapoli
1321 2630 1590 2672 adservatum
1619 2630 1752 2673 edidit
1769 2631 1956 2675 Fiorelli

214 2702 295 2741 cat.
326 2713 368 2743 n.
390 2702 526 2750 6342,
570 2699 772 2750 alterum,
815 2699 972 2741 editum
1009 2713 1036 2741 a
1068 2698 1222 2741 Rauen
1257 2697 1459 2741 Berliner
1489 2698 1663 2741 Blatter
1691 2700 1766 2754 fur
1797 2701 1952 2744 Mune-

214 2768 352 2811 kunde
371 2771 412 2820 5,
433 2771 543 2811 1870
565 2783 614 2823 p.
636 2771 704 2820 13,
737 2782 848 2811 nunc
870 2768 1062 2823 possidet
1083 2768 1336 2818 Loebbecka
1367 2781 1453 2810 non
1481 2771 1670 2822 superest
1692 2769 1781 2811 nisi
1799 2769 1862 2812 ἐπὶ
1886 2770 1952 2813 Τιν

213 2850 306 2879 cum
327 2854 346 2879 ε
374 2837 613 2888 dimidiata,
646 2837 758 2891 quod
784 2837 896 2879 male
926 2838 988 2879 ἐπὶ
1020 2836 1130 2893 Τιμω
1151 2870 1160 2879 .
1179 2869 1188 2878 .
1208 2869 1218 2878 .
1251 2836 1351 2891 leyit
1370 2836 1555 2893 Rauca),
1593 2837 1638 2879 in
1669 2837 1756 2880 alio
1785 2853 1953 2881 nmmno

212 2919 323 2948 nunc
353 2907 487 2948 musei
506 2906 770 2948 Parisiensis
789 2906 852 2948 ἐπὶ
875 2905 956 2951 Tm.
978 2903 1155 2962 Ῥούφου
1176 2922 1227 2963 πρ
1246 2938 1255 2948 .
1275 2938 1284 2947 .
1304 2938 1313 2947 .
1332 2939 1341 2947 .
1375 2905 1458 2960 lcyi
1485 2907 1617 2960 refert
1635 2905 1756 2957 Pieli,
1788 2908 1833 2949 in
1856 2907 1954 2949 aliis
1988 2960 1992 2964 ⁴

215 2973 390 3028 denique
411 2977 471 3016 est
493 2973 708 3017 EllElTEl
732 2972 910 3030 Ῥούφου
931 2988 1043 3031 πρεσ.
1066 2976 1130 3017 καὶ
1151 2976 1248 3018 ἀντι.
1271 2978 1340 3016 τοῦ
1362 2973 1509 3032 Σεβᾱσ.
1532 2973 1660 3029 (quod
1680 2975 1738 3017 ad
1762 2976 1953 3018 Tineium

212 3042 379 3096 Rufum
401 3043 573 3097 primus
601 3042 766 3085 rettulit
797 3042 1021 3085 Marinius
1050 3043 1156 3087 Arv.
1179 3057 1227 3097 p.
1249 3045 1341 3086 655.
1374 3046 1454 3085 664
1482 3046 1568 3085 not.
1590 3046 1681 3093 101,
1714 3056 1791 3085 nos
1820 3057 1954 3098 supra

213 3111 248 3153 Ι
268 3114 351 3154 45α
381 3112 522 3153 minus
550 3114 660 3153 recte
688 3114 737 3153 ut
771 3113 859 3154 iam
898 3114 1083 3162 constat,
1126 3125 1220 3153 cum
1249 3111 1401 3154 Pickio
1433 3110 1567 3155 Wien.
1600 3125 1712 3155 num.
1746 3112 1952 3157 Zeitschr.

214 3182 285 3230 23,
318 3182 427 3222 1891
459 3194 507 3234 p.
538 3183 604 3230 31,
646 3179 886 3222 rettulimus
926 3180 985 3223 ad
1012 3180 1147 3223 Itium
1182 3180 1247 3223 vel
1272 3181 1428 3224 Iteium
1457 3181 1653 3235 Rufum).
1684 3175 1742 3208 4
1773 3180 1954 3234 (Consul

217 3248 313 3291 suff.
342 3264 380 3293 a.
410 3249 526 3303 inc.).
556 3272 615 3278 —

298 3317 507 3360 Iudaeam
536 3316 736 3372 regebat,
768 3332 869 3360 cum
898 3317 1050 3360 Iudaei
1081 3317 1163 3361 sub
1188 3318 1412 3361 Hadriano
1447 3316 1708 3360 rebellarent
1735 3317 1892 3361 Euseb.
1913 3318 1954 3362 Ῐι.

211 3385 307 3429 eccl.
323 3389 363 3437 4,
381 3389 418 3437 6,
437 3388 474 3436 1,
498 3386 596 3428 item
617 3385 758 3429 chron.
782 3385 840 3428 ad
860 3400 1018 3429 annum
1033 3386 1259 3430 Hadriani
1272 3390 1338 3439 16,
1353 3401 1401 3442 p.
1421 3386 1524 3429 Chr.
1536 3388 1663 3428 132s3
1683 3387 1804 3442 (vers.
1815 3387 1953 3440 Arm„

198 3456 486 3494 Prosopographia
503 3458 587 3494 Imp.
607 3458 701 3487 Rom.
737 3458 799 3487 111.
1635 3454 1678 3488 21
