2242 3672
149 245 401 284 VALERIVS
1021 237 1106 280 359
1724 244 1977 290 VALERIVS

153 379 210 422 69
241 385 296 421 Μ.
326 382 578 419 VALERIVS
619 381 872 418 LONGINVS
909 376 979 417 vir
1020 374 1315 430 [clarissimus]
1347 375 1405 430 (V.
1438 389 1482 430 g.
1504 389 1590 430 pro
1620 391 1662 418 V.
1694 390 1730 418 c.
1763 389 1815 418 ex
1844 376 1978 420 altero

242 450 271 491 t.
308 449 558 501 exceperunt
594 445 871 500 descriptores
880 458 893 496 ;
932 445 978 486 in
1014 444 1148 487 altero
1186 444 1352 487 videtur
1390 460 1432 486 v.
1474 459 1511 487 c.
1554 444 1766 500 defuisse),
1808 444 1978 500 legatus

237 515 420 571 legionis
442 515 556 557 XIII
589 515 801 558 Geminae
823 514 1086 557 Severianac
1115 515 1160 567 (i.
1188 528 1224 558 e.
1258 514 1497 570 imperante
1520 514 1685 557 Severo
1705 513 1977 570 Alexandro)

237 584 355 628 tituli
382 583 620 638 Apulenses
647 583 736 625 III
757 585 879 625 1019.
909 585 1035 626 1020.

152 666 206 709 70
237 672 282 717 Q.
326 670 579 707 VALERIVS
626 669 885 705 LVPERCVS
932 669 1099 705 IVLIVS
1145 669 1432 706 FRONTINVS
1479 663 1596 706 tribu
1634 663 1750 708 Volt.
1797 664 1979 719 (oriyinc

242 732 528 787 Viennensis)‚·
566 738 772 788 quaestor
813 731 1029 786 urbanus,
1073 732 1277 774 tribunus
1319 731 1480 788 plebis,
1516 739 1690 789 praetor
1725 732 1977 789 designatus

237 802 354 846 tituli
382 802 634 845 Viennenses
659 801 767 844 XII
789 804 911 844 1859.
942 804 1065 844 1860.

150 867 216 929 71.
239 884 292 938 Q.
324 882 528 926 Valerius
561 881 765 937 Macedo,
809 881 857 925 C.
890 881 970 936 fil.‚
1004 882 1121 925 tribu
1152 881 1269 924 Volt.
1298 883 1484 937 (origine
1515 883 1810 937 Viennensis),
1843 884 1978 925 variis

239 952 477 995 honoribus
519 952 717 994 Viennae
759 951 954 1002 functus3
1008 951 1125 993 ‘huic
1165 951 1295 993 divus
1336 951 1587 994 Hadrianus
1627 951 1763 994 latum
1805 951 1977 995 clavum

239 1037 340 1065 cum
371 1027 608 1078 quaestura
639 1020 796 1078 optulit
826 1027 868 1063 et
898 1022 1083 1077 petentis
1116 1022 1439 1063 excusationem
1471 1022 1654 1078 accepit'
1678 1021 1787 1064 XII
1799 1024 1919 1064 1783.

151 1104 206 1147 72
238 1109 467 1147 ....LIVS
499 1109 753 1144 VALERIVS
794 1108 1005 1143 MACEDO
1043 1108 1217 1144 curator
1256 1101 1371 1144 alvei
1411 1101 1583 1144 Tiberis
1621 1108 1663 1143 et
1702 1102 1897 1158 riparum
1935 1108 1978 1143 et

220 1172 485 1215 ‘cloacarum
528 1170 648 1213 urbis
688 1186 726 1213 a.
763 1172 842 1213 198
883 1174 909 1213 t.
940 1171 1133 1213 urbanus
1162 1171 1280 1215 Bull.
1313 1185 1474 1213 comun.
1505 1174 1615 1212 1880
1636 1186 1686 1225 p.
1707 1174 1791 1213 139
1820 1185 1862 1213 n.
1893 1173 1978 1213 381

240 1241 311 1296 (=
345 1240 412 1283 VI
436 1241 602 1295 31555).
664 1240 799 1282 Plcue
828 1240 982 1295 Ofilius
1013 1240 1208 1282 Valerius
1240 1239 1435 1290 Macedo,
1468 1241 1521 1293 cf.
1554 1241 1599 1282 in
1627 1239 1861 1282 AddendiS.

152 1336 210 1341 —
242 1317 287 1361 Q.
318 1316 499 1352 FABIVS
529 1316 792 1351 BARBARVS
821 1315 1074 1350 VALERIVS
1105 1315 1311 1350 MAGNVS
1343 1315 1595 1351 IVLIANVS.

154 1381 209 1424 73
239 1378 445 1422 Valerius
484 1378 787 1432 Marcellinus,
838 1379 1147 1434 imperatorum
1193 1384 1240 1419 ut
1280 1377 1455 1419 videtur
1488 1378 1602 1420 vitas
1644 1378 1819 1434 scripsit
1857 1392 1978 1419 more

242 1449 507 1492 Suetoniano
539 1449 611 1490 vit.
641 1448 766 1490 Max.
799 1450 838 1489 et
866 1447 996 1489 Balb.
1027 1451 1066 1489 4.
1096 1450 1135 1490 5.

153 1524 208 1567 74
238 1524 289 1566 L.
317 1522 524 1567 Valerius
565 1521 868 1576 Marcellinus,
917 1522 970 1564 ad
1013 1522 1106 1564 fisci
1145 1521 1452 1564 advocationes
1493 1527 1716 1578 promotus
1758 1521 1978 1576 suffragiis

238 1594 291 1637 L.
323 1592 519 1636 Gabonis
550 1590 808 1634 Arunculeii
842 1591 890 1633 P.
922 1590 1053 1633 Acilii
1086 1591 1238 1633 Severi
1280 1589 1507 1632 clarissimi
1537 1590 1620 1632 viri
1664 1588 1870 1631 avunculi
1911 1590 1977 1632 sui

239 1665 268 1707 t.
299 1661 541 1704 Brixianus
571 1660 613 1703 V
632 1663 760 1704 4332.

155 1737 209 1780 75
241 1743 494 1779 VALERIVS
526 1741 791 1776 MARIANVS
824 1737 1072 1788 (MARINVS
1085 1734 1126 1788 ‘?)
1158 1735 1423 1790 praetorius:
1465 1734 1556 1775 eius
1596 1733 1823 1776 celerrima
1858 1734 1978 1775 navi-

240 1806 357 1861 gatio
382 1804 574 1847 Puteolis
596 1805 640 1846 in
662 1804 915 1861 Aegyptum
938 1803 1055 1847 Plin.
1072 1804 1111 1846 h.
1128 1819 1171 1847 n.
1188 1807 1253 1858 19,
1271 1807 1310 1859 3,
1332 1803 1421 1845 XV
1442 1804 1568 1845 annis
1590 1808 1688 1859 post
1709 1800 1978 1856 (Claudium)

240 1874 473 1918 Balbillum
516 1873 728 1929 (Aeyypto
760 1875 1028 1928 praesectum
1060 1888 1097 1915 a.
1127 1876 1203 1923 55,
1243 1874 1308 1915 ita
1337 1876 1385 1915 ut
1415 1873 1460 1914 in
1490 1872 1728 1927 Aeyyptum
1759 1871 1980 1925 profectus

237 1958 323 1988 esse
352 1943 549 1986 videatur
580 1958 619 1986 a.
652 1946 720 1994 70,
754 1943 813 1985 ad
842 1943 1149 1997 Vespasianum
1178 1944 1387 1996 fortasse,·
1415 1942 1489 1984 sed
1519 1941 1645 1984 lectio
1672 1941 1754 1983 loci
1782 1939 1984 1982 Pliniani

237 2027 322 2056 non
352 2014 416 2056 ita
447 2011 578 2067 certa)
610 2012 666 2056 ib.
727 2012 904 2055 Videtur
933 2012 1044 2054 idem
1074 2013 1149 2066 qui
1177 2012 1377 2066 sequitur.

151 2095 206 2137 76
235 2101 277 2137 Ρ.
308 2099 562 2135 VALERIVS
593 2098 819 2134 MARINVS
851 2092 928 2147 (sic
959 2095 1039 2136 act.
1072 2091 1192 2146 Ara,
1223 2091 1426 2134 Valerius
1459 2091 1656 2132 Marinus
1683 2089 1812 2144 Tac),
1846 2083 1980 2131 frater

236 2162 425 2218 Arvalis,
462 2167 731 2204 memoratur
761 2162 804 2202 in
837 2161 945 2203 actis
975 2161 1077 2202 anni
1110 2161 1165 2203 69
1200 2163 1280 2202 act.
1313 2159 1417 2203 Arv.
1478 2158 1640 2202 Consul
1671 2158 1923 2213 designatus
1955 2173 1980 2199 a

238 2230 384 2276 Galba
419 2231 483 2286 (in
524 2237 693 2287 partem
733 2230 925 2287 aliquam
966 2231 1068 2272 anni
1109 2231 1185 2284 69)
1229 2230 1327 2272 Tac.
1359 2229 1398 2272 h.
1431 2232 1475 2279 2,
1510 2231 1585 2279 71,·
1625 2227 1702 2270 sed
1738 2243 1764 2269 a
1801 2225 1978 2269 Vitellio

238 2299 487 2344 consulatus
523 2300 616 2342 eius
647 2298 806 2342 dilatus
837 2300 894 2342 ib.
955 2298 1024 2353 Cf.
1055 2299 1132 2341 sub
1162 2313 1207 2341 eo
1238 2299 1311 2353 qui
1332 2297 1565 2353 praecedit.

154 2382 206 2426 77
239 2381 299 2424 M.
330 2380 536 2423 Valerius
566 2379 781 2422 Martialis
819 2379 925 2431 (tria
953 2379 1129 2421 nomina
1158 2379 1204 2421 in
1236 2379 1452 2421 codicibus
1482 2378 1835 2432 epiyrammatum
1866 2377 1978 2427 eius;

237 2450 439 2493 Valerius
466 2448 679 2492 Martialis
709 2449 798 2503 ipse
828 2449 874 2490 in
897 2448 1249 2502 praefationibus
1280 2447 1353 2489 lib.
1375 2447 1442 2489 II.
1476 2446 1604 2490 VIII.
1635 2446 1744 2488 XII
1767 2446 1977 2500 epiyram-

238 2522 421 2569 matum,
463 2519 563 2560 item
591 2517 708 2561 Plin.
741 2532 803 2572 ep.
835 2521 874 2567 3,
907 2521 978 2568 21,
1010 2521 1060 2568 1,·
1090 2517 1266 2559 Marcus
1297 2517 1386 2571 ipse
1418 2515 1467 2557 de
1497 2529 1540 2557 se
1570 2518 1608 2565 1,
1630 2517 1696 2564 55,
1719 2517 1757 2556 1.
1788 2518 1827 2564 3,
1848 2516 1887 2564 5,
1910 2517 1975 2556 10.

235 2591 275 2639 5,
297 2591 367 2638 29,
391 2591 445 2639 2;
465 2590 530 2638 63,
553 2590 591 2629 1.
624 2591 662 2637 6,
683 2590 751 2636 47,
775 2590 812 2628 6.
842 2589 883 2636 8,
907 2590 972 2636 76,
994 2590 1032 2630 1.
1065 2590 1132 2636 10,
1156 2589 1221 2636 73,
1242 2589 1282 2629 8.
1317 2585 1465 2627 Medio
1488 2598 1586 2626 aevo
1609 2583 1745 2625 dictus
1766 2582 1978 2624 Martialis

239 2671 418 2713 coquus,
450 2655 664 2709 imprimis
690 2669 717 2697 a
738 2654 931 2697 Iohanne
952 2655 1275 2704 Sarisberiensi,
1309 2653 1526 2696 Vincentio
1545 2652 1849 2701 Bellovacensi,
1881 2651 1977 2692 item

239 2727 285 2768 in
315 2724 528 2767 codicibus
557 2723 811 2778 quibusdam
840 2724 1090 2774 recentibus,
1123 2724 1179 2777 cf.
1211 2722 1502 2766 Schneidewin
1534 2721 1596 2763 ed.
1630 2735 1669 2762 a.
1701 2723 1814 2763 1842
1834 2734 1883 2774 p.
1906 2722 1976 2762 21.

238 2796 330 2845 683,
362 2792 652 2835 Friedlander
673 2793 718 2834 in
738 2792 920 2835 editione
943 2792 1173 2835 Martialis
1195 2807 1242 2846 p.
1264 2795 1291 2833 3
1320 2794 1420 2842 not„
1454 2790 1502 2833 de
1523 2790 1686 2844 oriyine
1716 2789 1805 2831 eius
1836 2788 1978 2843 appel-

241 2862 414 2905 lationis
436 2861 732 2905 Schneidewin
762 2860 788 2903 l.
813 2875 845 2903 c.
869 2875 918 2915 p.
943 2864 1033 2905 736.
1060 2886 1111 2890 —
1134 2860 1193 2904 M.
1218 2859 1420 2903 Valerius
1444 2858 1580 2901 Iulius
1608 2856 1821 2899 Martialis
1852 2856 1980 2898 codex

241 2931 398 2985 aliquis
427 2930 588 2973 saeculi
617 2929 717 2972 XV
738 2930 927 2972 exeuntis
955 2944 1040 2972 uno
1071 2929 1172 2980 loco,
1205 2930 1260 2983 cf.
1291 2927 1582 2971 Friedlander
1602 2941 1652 2981 p.
1676 2926 1786 2980 141).

329 2999 558 3042 oriundus
580 2998 730 3041 Bilbili
757 2999 995 3054 municipio
1017 2998 1258 3055 Hispaniae
1280 2996 1618 3040 Tarraconensis
1648 2995 1737 3049 ipse
1757 2997 1795 3044 1,
1818 2997 1883 3043 61,
1907 2997 1976 3036 12.

239 3073 308 3119 10,
331 3071 424 3118 103,
447 3071 485 3110 1.
515 3071 585 3118 12,
607 3070 673 3122 18,
697 3070 735 3118 9,
769 3074 890 3123 patre
920 3067 1153 3121 Frontone,
1185 3074 1323 3108 matre
1353 3064 1559 3107 Flaccilla
1587 3067 1625 3113 5,
1657 3066 1723 3112 34,
1754 3066 1792 3104 1.
1838 3062 1977 3104 Natus

240 3136 440 3179 kalendis
470 3136 641 3178 Martiis
673 3139 712 3186 9,
748 3138 820 3186 52,
851 3139 890 3177 3.
923 3139 989 3186 10,
1018 3138 1088 3185 24,
1119 3139 1157 3177 1.
1189 3139 1259 3187 12,
1287 3138 1353 3185 60,
1385 3135 1497 3176 inter
1528 3145 1662 3174 annos
1690 3133 1745 3172 38
1775 3133 1815 3172 et
1841 3134 1908 3180 41,
1939 3131 1979 3172 si

237 3206 403 3260 quidem
434 3218 605 3247 carmen
636 3208 704 3254 10,
735 3208 805 3254 24,
841 3218 920 3257 quo
950 3203 1139 3246 natalem
1178 3217 1301 3246 suum
1330 3201 1719 3257 quinquayesimum
1756 3199 1977 3253 septimum

240 3277 467 3324 memorat,
499 3274 704 3327 scriptum
734 3276 816 3323 est,
850 3275 895 3314 ut
923 3272 1090 3326 reliqua
1119 3272 1246 3315 huius
1277 3273 1381 3314 libri
1407 3271 1733 3326 epi'yraonmata,
1764 3282 1850 3310 non
1880 3270 1977 3309 ante

242 3358 282 3386 a.
305 3345 371 3394 95,
402 3357 477 3385 nec
499 3346 600 3397 post
631 3356 788 3384 annum
809 3345 876 3384 98.
922 3341 1092 3384 Relicta
1121 3343 1260 3398 patria
1284 3342 1467 3384 Romam
1497 3355 1543 3381 se
1574 3337 1757 3380 contulit
1787 3352 1822 3379 c.
1845 3351 1884 3378 a.
1907 3336 1973 3390 64,
