2242 3672
159 255 459 295 TARVTENIA
1035 249 1118 294 297
1776 255 1989 293 TATTIVS

250 391 365 431 terea
386 389 614 431 Paternus.
635 413 682 419 —
705 387 804 431 Alii
829 387 1099 431 Tarrutenii:
1126 387 1415 430 Tarrutenius
1435 386 1761 430 Maximilianus
1784 386 1853 431 VI
1864 391 1985 439 1767,

248 457 297 500 P.
327 457 652 513 Tarruten(ius)
680 455 907 512 Cogitatus
944 456 1124 508 V8116,
1151 459 1217 507 55,
1250 456 1550 511 Taruteni(us)
1573 456 1804 499 Ianuarius
1829 457 1921 500 III
1939 457 1986 502 S.

247 528 407 576 10910,
450 525 498 568 P.
529 526 818 568 Tarrutenius
856 525 1069 568 Proculus
1104 526 1194 568 III
1220 528 1327 569 3565
1337 539 1351 578 ,·
1396 526 1445 570 P.
1487 526 1771 568 Taruttienus
1811 525 1988 581 Pa...,

247 592 538 649 Taruttienja]
558 626 567 636 .
587 626 597 636 .
618 630 625 637 .
659 592 728 636 VI
748 585 903 638 27118.

334 663 394 706 M.
415 661 598 706 Aurelio
621 662 677 705 ab
704 662 900 719 epistulis
922 663 1113 718 Latinis3
1147 664 1450 720 imperatorem
1482 664 1712 706 comitatus
1743 662 1798 705 ad
1828 663 1987 706 bellum

249 732 572 787 Germanicum,
606 732 723 774 circa
753 747 790 776 a.
818 732 891 774 171
930 732 1002 787 (cf.
1025 731 1345 776 Domaszewski
1374 747 1444 787 ap.
1467 731 1668 775 Petersen
1699 732 1766 775 die
1791 733 1990 775 Marcus-

246 800 377 846 Saule
403 815 451 856 p.
481 799 581 855 113)
612 800 767 843 missus
799 800 854 842 ad
886 799 1086 856 Cotinos,
1130 807 1177 844 ut
1214 816 1302 843 una
1339 816 1437 844 cum
1478 802 1540 844 eis
1581 801 1792 844 adversus
1822 801 1988 844 Marco-

246 884 396 913 manos
433 868 597 912 bellum
636 876 831 925 gereret,
875 869 1094 927 decipitur
1131 869 1187 913 ab
1228 872 1289 913 eis
1326 870 1415 914 Dio
1448 874 1511 922 71,
1544 873 1603 914 12
1642 870 1745 927 (ecce.
1788 870 1838 914 de
1879 871 1987 926 leq),

245 938 301 982 A.
333 938 414 981 179
455 953 554 981 cum
590 953 750 994 magna
789 954 923 982 manu
965 940 1122 982 missus
1153 939 1362 982 adversus
1393 939 1624 996 barbaros,
1667 955 1739 982 eos
1770 940 1899 994 vicit,
1932 939 1987 982 ob

245 1022 375 1065 quam
415 1022 506 1049 rem
548 1007 609 1050 M.
650 1007 855 1050 Aurelius
896 1009 1133 1065 imperator
1173 1008 1390 1051 decimum
1430 1008 1676 1066 appellatus
1715 1008 1804 1051 Dio
1836 1012 1900 1060 71,
1930 1011 1988 1051 33

247 1077 351 1132 (iam
390 1079 488 1119 tunc
529 1076 696 1119 videtur
724 1077 857 1131 fuisse
888 1078 1136 1132 praefectus
1163 1077 1420 1134 praetorio).
1482 1078 1735 1122 Praefectus
1772 1078 1986 1134 praetorio

247 1145 328 1188 sub
358 1144 596 1188 Commodo
628 1145 716 1188 Dio
749 1149 818 1197 72,
849 1149 888 1190 5.
917 1149 955 1197 9,
997 1147 1068 1189 vit.
1098 1146 1256 1190 Gomon.
1287 1151 1326 1198 4,
1360 1151 1397 1191 1.
1431 1150 1496 1198 14,
1526 1150 1556 1190 8
1595 1148 1699 1202 (iam
1731 1162 1769 1190 a.
1804 1147 1885 1190 180
1915 1147 1987 1188 vit.

250 1215 406 1258 Gomm.
438 1218 504 1266 14,
534 1215 605 1269 8);
637 1213 803 1270 collega
832 1215 1042 1258 Perennis
1073 1214 1162 1258 Dio
1195 1219 1262 1267 72,
1295 1220 1362 1259 10.
1423 1215 1635 1259 Conscius
1677 1215 1988 1259 coniurationis

248 1283 459 1336 Quadrati
495 1290 538 1326 et
570 1283 765 1327 Lucillae
797 1285 842 1326 in
874 1284 1179 1340 Commodum,
1221 1286 1324 1328 item
1356 1292 1506 1328 auctor
1538 1285 1683 1328 caedis
1716 1285 1884 1328 Saoteri
1915 1284 1986 1326 vit.

247 1351 402 1396 Gomm.
424 1357 463 1404 4,
485 1357 524 1396 1.
549 1357 586 1396 7.
638 1354 879 1409 Instigante
899 1353 1073 1409 Tigidio
1106 1369 1183 1411 per
1214 1353 1407 1397 laticlavi
1438 1354 1646 1397 honorem
1668 1369 1693 1396 a
1715 1353 1988 1410 praefectura

248 1429 486 1465 summotus
501 1423 574 1465 vit.
593 1421 750 1467 Comm.
762 1426 802 1474 4,
822 1426 858 1473 7,
882 1423 996 1465 inter
1016 1422 1264 1466 consulares
1286 1423 1466 1466 allectus
1478 1423 1568 1466 Dio
1585 1426 1655 1474 72,
1671 1426 1698 1466 5
1708 1437 1721 1475 ,·
1741 1438 1767 1465 a
1788 1423 1987 1465 Perenne

247 1490 413 1546 collega
443 1490 679 1534 subversus
709 1490 799 1533 Dio
831 1494 899 1542 72,
922 1495 990 1534 10.
1042 1492 1147 1534 Post
1177 1507 1338 1549 paucos
1369 1492 1462 1535 dies
1491 1493 1563 1537 vit.
1593 1491 1750 1535 Comm.
1781 1495 1820 1542 4,
1851 1494 1892 1542 8,
1924 1492 1986 1532 in-

246 1560 475 1603 simulatus
502 1562 834 1614 coniurationis3
868 1561 1084 1604 obiectum
1116 1562 1166 1616 ei,
1200 1561 1298 1604 ideo
1329 1560 1463 1604 filiam
1495 1562 1586 1604 eius
1614 1561 1871 1618 promissam
1898 1559 1985 1602 filio

248 1628 385 1673 Salvii
415 1629 584 1684 Iuliani,
618 1636 668 1672 ut
697 1631 742 1672 in
772 1629 991 1672 Iulianum
1023 1629 1336 1673 transferretur
1363 1630 1615 1687 imperiumz,
1642 1629 1894 1672 interfectus
1912 1630 1985 1672 vit.

248 1697 404 1743 C'omm.
429 1698 455 1741 l.
478 1712 537 1750 c.,·
566 1697 655 1741 Dio
678 1701 747 1750 72,
770 1701 809 1742 5.
866 1698 1052 1755 Scripsit
1078 1698 1333 1742 militarium
1365 1700 1458 1741 sive
1489 1698 1543 1741 de
1571 1713 1618 1741 re
1645 1697 1823 1741 militari
1853 1697 1986 1740 libros

248 1774 452 1825 quattuor
485 1767 588 1823 Diy.
619 1768 708 1811 ind.
738 1767 864 1812 Flor.
897 1771 936 1810 et
971 1771 1037 1819 49,
1065 1771 1137 1819 16,
1166 1771 1203 1811 7.
1238 1770 1306 1820 50,
1333 1771 1371 1820 6,
1399 1771 1426 1811 7
1451 1767 1510 1824 (6)
1551 1768 1605 1823 cf.
1642 1771 1709 1819 49,
1742 1771 1813 1819 16,
1844 1771 1915 1819 12,
1947 1771 1986 1810 1.

247 1836 479 1892 (Paternus
520 1838 561 1880 ἐν
602 1840 741 1894 πρώτῃ
780 1842 973 1881 τακτικῶν
1004 1837 1162 1893 Lydus.
1196 1837 1245 1880 de
1284 1851 1395 1893 may.
1428 1841 1476 1889 1,
1519 1840 1570 1890 9,·
1613 1836 1987 1892 ‘diligentissimus

248 1905 354 1947 iuris
385 1905 583 1948 militaris
615 1905 825 1949 adsertor‘
864 1906 999 1962 Veyet.
1022 1921 1057 1952 r.
1079 1920 1133 1951 m.
1155 1910 1194 1958 1,
1216 1907 1276 1962 8).
1343 1906 1410 1962 Cf.
1443 1907 1509 1952 M
1543 1906 1712 1951 Senam
1742 1906 1889 1950 Herm.
1919 1909 1985 1957 16,

246 1976 356 2017 1881
378 1989 426 2029 p.
449 1978 533 2018 137
550 1988 632 2030 seq.

162 2043 216 2086 25
246 2042 486 2086 Tarutenia
506 2042 600 2099 (sic)
622 2044 828 2087 Paulina:
857 2045 1078 2087 Fortunae
1105 2045 1197 2087 eius
1219 2045 1388 2088 dicatus
1410 2049 1437 2088 t.
1459 2044 1644 2100 reqionis
1666 2044 1984 2094 Praenestinae,

247 2125 366 2166 quem
397 2112 460 2155 ed.
483 2112 737 2156 Tomassetti
767 2113 985 2157 bullettino
1016 2113 1235 2156 eomunale
1255 2117 1370 2157 1892
1388 2129 1437 2168 p.
1458 2115 1551 2157 355.
1598 2112 1803 2155 Fortasse
1825 2113 1987 2167 femina

245 2181 415 2224 nobilis.

161 2250 217 2292 26
248 2249 396 2306 Tarsa,
430 2251 592 2306 Thrax,
626 2253 740 2294 inter
771 2252 904 2295 duces
935 2251 1184 2295 rebellionis
1215 2267 1253 2297 a.
1277 2253 1332 2295 26
1364 2252 1465 2295 Tac.
1489 2266 1529 2294 a.
1550 2255 1590 2303 4,
1612 2253 1681 2294 50.

161 2319 215 2362 27
248 2317 441 2362 *Tascus
471 2320 549 2376 (sic
580 2320 708 2364 codex
733 2321 1066 2376 antiquissimus,
1089 2320 1252 2363 Caseus
1275 2319 1555 2376 recentiores),
1578 2320 1759 2363 maritus
1779 2320 1988 2363 Rectinae

251 2387 448 2444 alicuius,
480 2404 592 2447 quae
622 2405 659 2435 a.
692 2390 746 2433 79
773 2390 919 2432 villam
952 2389 1035 2433 sub
1066 2390 1261 2433 Vesuvio
1292 2389 1542 2447 possidebat
1562 2388 1679 2434 Ptin.
1706 2403 1768 2444 ep.
1795 2392 1834 2441 6,
1857 2391 1924 2441 16,
1946 2391 1986 2431 8.

253 2456 419 2500 Nomen
440 2459 608 2501 omnino
630 2461 897 2514 corruptum;
922 2458 972 2501 de
992 2458 1145 2509 Basso,
1169 2458 1329 2502 scilicet
1349 2457 1498 2502 Caesio
1517 2457 1671 2509 Basso,
1700 2458 1989 2512 coyitaverunt

250 2526 456 2578 nonnulli,
489 2528 545 2582 cf.
576 2541 710 2583 supra
739 2529 815 2571 sub
849 2527 996 2571 Caesio
1023 2527 1165 2571 Basso
1195 2526 1257 2584 (O
1282 2530 1390 2585 149).

165 2619 222 2625 —
251 2601 428 2639 TATIVS
458 2603 693 2640 TITIANVS
724 2611 761 2641 v.
794 2597 951 2641 Tarius
982 2598 1207 2641 Tatianus.

165 2663 220 2706 28
252 2663 301 2709 O.
334 2665 505 2709 Tattius
536 2667 768 2710 Maximus.
821 2667 1091 2710 Memoratur
1120 2667 1166 2709 in
1196 2665 1333 2709 titulis
1356 2666 1537 2709 urbanis
1568 2665 1637 2709 VI
1649 2667 1744 2709 222
1764 2663 1836 2720 (1),
1868 2663 1987 2708 Bull.

252 2735 469 2778 eomunale
488 2738 598 2780 1885
609 2751 657 2791 p.
675 2739 755 2780 151
775 2756 831 2771 Ξ
858 2735 927 2779 VI
938 2738 1074 2779 31150
1095 2735 1171 2791 (2),
1194 2734 1312 2779 Bull.
1335 2734 1361 2780 l.
1385 2749 1419 2778 c.
1433 2749 1481 2790 p.
1494 2737 1576 2778 153
1596 2754 1652 2768 =
1681 2733 1745 2777 VI
1761 2736 1895 2777 31151
1915 2733 1987 2789 (3),

254 2801 323 2845 VI
342 2806 484 2848 31152
513 2825 570 2840 =
598 2804 770 2848 Dessau
799 2805 926 2848 inser.
961 2804 1033 2847 sel.
1064 2807 1180 2848 2183
1209 2803 1282 2860 (4),
1315 2804 1498 2857 fortasse
1529 2803 1657 2845 etiam
1688 2802 1757 2845 VI
1777 2805 1916 2846 31147
1934 2823 1990 2837 =

252 2871 422 2915 Dessau
443 2872 469 2918 l.
491 2887 525 2916 c.
546 2876 665 2918 2182
685 2873 756 2930 (5).
791 2873 1026 2917 Praeterea
1045 2874 1228 2927 fortasse
1248 2873 1374 2915 huius
1396 2872 1559 2927 teyulae
1579 2872 1626 2914 in
1645 2871 1866 2926 Paeliynis
1885 2885 1987 2926 rep„

252 2941 333 2984 IX
360 2945 471 2985 3303
502 2942 575 2998 (6).
623 2942 672 2988 C.
705 2943 875 2986 Tattius
907 2943 1129 2985 Maximus
1161 2945 1188 2985 t.
1220 2945 1259 2993 1,
1293 2941 1341 2985 C.
1374 2941 1565 2995 Tati(us)
1597 2939 1855 2995 Max(imus)
1888 2942 1916 2982 t.
1949 2941 1988 2989 6,

253 3009 427 3053 Tattius
458 3011 677 3055 Maximus
707 3015 734 3055 t.
765 3015 805 3055 3.
835 3016 862 3055 4
893 3012 963 3066 (Τ.
984 3011 1132 3055 Attius
1163 3011 1383 3054 Maximus
1415 3010 1571 3053 editum
1601 3012 1661 3052 est
1691 3012 1720 3052 t.
1741 3013 1802 3064 2),
1836 3008 1990 3051 Tatius

253 3078 474 3122 Maximus
503 3081 576 3123 vit.
610 3081 684 3124 Pii
711 3084 752 3133 8,
782 3084 811 3124 7
820 3094 833 3133 ;
862 3080 1038 3123 Alerius
1065 3080 1284 3123 Maximus
1315 3083 1343 3122 t.
1374 3082 1413 3123 5.

341 3149 565 3192 Tribunus
597 3151 790 3207 equitum
825 3148 1110 3206 singularium
1130 3165 1168 3192 a.
1194 3150 1274 3192 142
1302 3152 1332 3192 t.
1352 3151 1396 3200 2,
1428 3164 1466 3193 a.
1493 3148 1573 3191 143
1604 3151 1632 3190 t.
1652 3150 1692 3198 3,
1724 3162 1762 3189 a.
1786 3147 1868 3189 145
1900 3149 1928 3189 t.
1949 3149 1988 3197 4,

254 3217 438 3270 fortasse
467 3219 556 3260 iani
587 3234 699 3262 anno
730 3222 823 3271 139,
861 3219 902 3261 si
935 3221 1120 3261 statuere
1156 3218 1251 3261 lieet
1279 3219 1327 3261 in
1358 3221 1385 3261 t.
1416 3220 1442 3260 5
1472 3230 1614 3260 errore
1643 3216 1783 3259 Aleri-
1811 3216 1991 3259 incisum

257 3299 343 3328 esse
374 3301 461 3341 pro
502 3288 651 3333 Tatti-.
712 3288 766 3332 A.
798 3289 879 3332 156
920 3286 1165 3344 praefectus
1206 3287 1386 3342 vigilum
1428 3290 1456 3329 t.
1487 3290 1526 3328 1.
1586 3285 1840 3328 Praefectus
1871 3299 1990 3341 prae·

256 3357 378 3411 torio,
412 3371 635 3400 successor
661 3357 721 3400 M.
755 3358 884 3403 Gavii
916 3357 1112 3413 Maximi,
1145 3372 1258 3400 anno
1292 3357 1372 3399 158
1404 3363 1452 3399 ut
1479 3355 1653 3398 videtur
1681 3355 1754 3398 vit.
1775 3353 1852 3397 Pii
1877 3356 1917 3405 8,
1952 3357 1988 3398 7.
