2242 3672
183 244 299 282 SEIA
1049 241 1069 282 l
1076 241 1131 284 93
1748 246 2004 283 SELEVCVS

180 377 266 419 250
296 375 443 431 [SEJIA
482 380 807 431 FVSCINILLA,
849 392 972 420 soror
1010 385 1059 421 ut
1097 378 1273 422 videtur
1313 379 1433 435 [Se]ii
1475 378 1578 422 Cari
1617 377 1765 434 fistula
1800 377 2007 433 plumbea

266 444 431 487 Romae
455 446 638 498 reperta,
665 443 783 488 Bull.
815 447 1033 490 comunale
1062 451 1177 490 1888
1196 463 1245 503 p.
1271 451 1366 499 397,
1398 449 1454 502 cf.
1476 448 1552 490 sub
1578 447 1677 491 Seio
1704 446 1832 491 Caro.

181 514 260 557 251
297 513 398 557 Seia
419 511 618 565 Gaetula,
649 512 709 556 M.
738 513 782 564 f.,
813 514 968 557 Naevii
991 515 1156 559 Censiti
1186 532 1309 572 uxor,
1342 517 1535 560 Naeviae
1565 515 1790 559 Naevillae
1821 515 2005 559 clarissi-

267 596 365 624 mae
396 581 583 624 feminae
612 587 751 623 mater
782 581 900 625 tituli
925 583 1138 628 Cirtenses
1168 585 1292 628 VIII
1315 587 1579 629 7054-7056.

179 651 265 695 252
297 657 471 693 GNAEA
512 657 627 692 SEIA
666 657 936 694 HERENNIA
968 659 1244 696 SALLVSTIA
1277 661 1467 697 BARBIA
1504 661 1728 697 ORBIANA
1758 660 2003 697 AVGVSTA.

266 719 342 764 Sic
367 718 494 770 tituli,
525 719 613 762 nisi
631 719 743 773 quod
763 734 849 774 pro
878 720 1055 764 Gnaeae
1075 724 1369 777 praenomine,
1401 727 1512 767 recte
1540 724 1699 779 scripto
1729 724 1774 766 in
1801 727 1829 766 t.
1858 723 2007 767 Valen-

267 789 369 839 tino,
401 789 449 830 in
479 791 506 832 t.
535 787 809 831 Caesariensi
836 792 897 832 est
926 790 1095 846 [G]nea,
1128 793 1174 834 in
1206 795 1234 834 t.
1262 792 1530 836 Thibilitano
1561 792 1722 836 dicitur
1752 806 1837 836 esse
1864 792 2007 848 Cnea3

267 858 298 902 Γ
301 875 334 901 ν.
356 858 437 901 Σει.
460 855 568 914 Ἑρε.
590 858 716 901 Σαλλ.
740 856 867 916 Βαρβ.
892 858 1078 917 Ὀρβιανὴ
1107 861 1199 918 Σεβ.
1231 862 1395 904 nummi
1412 861 1714 916 Alexandrini,
1749 862 1780 905 Γ
1783 879 1817 905 ν.
1844 862 1889 906 Σ.
1920 860 2006 920 Ἑρ.

266 928 389 970 Σαλλ.
418 925 546 984 Βαρβ.
581 925 769 984 Ὀρβιοίνα
799 941 995 970 nummus
1026 929 1220 972 Sidetum
1251 945 1320 985 ap.
1355 931 1553 973 Mionnet
1581 931 1672 973 III
1694 945 1743 985 p.
1774 933 1873 981 482,
1905 934 2005 981 208,

264 995 296 1039 Γ
299 1013 333 1039 ν.
365 996 433 1039 Σε.
464 995 564 1038 Σαλ.
596 994 769 1054 Βα[ρβία
801 995 1004 1055 Ὀρ]βιανὴ
1037 998 1106 1041 Σε.
1139 998 1252 1041 alius
1291 1013 1486 1042 nummus
1517 999 1708 1043 Sidetum
1750 1014 1818 1054 ap.
1850 999 2006 1042 Fried-

266 1064 416 1107 lc'inder
450 1067 531 1108 act.
569 1064 691 1108 acad.
728 1064 875 1108 Berol.
913 1068 1036 1117 1879,
1072 1069 1168 1118 335,
1213 1068 1259 1110 in
1305 1068 1406 1110 aliis
1449 1068 1652 1119 nummiS,
1700 1083 1769 1123 ap.
1809 1068 2009 1111 Mionnet

265 1133 328 1176 ΙΙ
340 1148 389 1188 p.
420 1135 514 1184 484,
546 1136 641 1177 405.
677 1134 767 1176 ΠΙ
780 1149 830 1189 p.
850 1137 952 1186 328,
982 1137 1075 1186 150,
1112 1136 1249 1190 suppl.
1279 1136 1321 1179 V
1333 1152 1381 1191 p.
1403 1140 1500 1188 139,
1534 1139 1630 1180 804.
1662 1140 1760 1188 231,
1791 1140 1898 1181 1365
1922 1151 2004 1193 seq.

269 1201 338 1246 VI
347 1217 397 1257 p.
417 1205 512 1254 300,
535 1205 658 1253 1387,
693 1202 838 1246 eadem
860 1204 951 1257 fere
975 1205 1151 1246 nomina
1174 1205 1315 1247 minus
1336 1206 1464 1260 plene
1495 1205 1604 1248 lecta
1632 1209 1732 1248 sunt
1762 1210 1839 1249 aut
1866 1207 2006 1249 minus

261 1270 388 1326 plene
416 1274 574 1314 extant.
622 1271 726 1315 Sall.
751 1272 912 1315 Barbia
938 1272 1134 1316 Orbiana
1154 1273 1269 1329 Aug.
1291 1275 1454 1316 nummi
1473 1274 1675 1325 Romani,
1701 1276 1826 1318 Σαλλ.
1848 1274 2006 1333 Βαρβία

264 1338 450 1398 Ὀρβιοίνα
491 1342 584 1399 Σεβ.
626 1341 789 1383 nummi
821 1340 1116 1384 Alexandrini
1152 1343 1240 1397 ipsi
1278 1346 1318 1385 et
1353 1344 1510 1386 marito
1549 1357 1806 1395 communes,
1849 1343 2006 1403 Βαρβία

264 1408 454 1468 Ὀρβιανὴ
476 1411 570 1468 Σεβ.
598 1424 793 1453 nummus
814 1410 1099 1465 Ephesiorum
1127 1425 1196 1466 ap.
1220 1411 1421 1455 Mionnet
1450 1412 1535 1455 III
1553 1427 1602 1467 p.
1623 1415 1716 1464 115,
1738 1416 1832 1464 404,
1864 1413 2004 1468 suppl·

269 1477 338 1521 VI
356 1493 399 1533 p.
420 1483 516 1531 179,
538 1482 630 1523 657.

352 1548 507 1591 Tituli:
548 1548 796 1592 Valentinus
835 1549 1079 1604 Hispaniae
1113 1550 1175 1593 II
1203 1553 1325 1600 3734,
1369 1547 1660 1593 Caesariensis
1700 1550 2008 1594 Mauretaniae

264 1616 389 1660 VIII
410 1620 529 1669 9355,
567 1618 860 1661 Thibilitanus
891 1618 1125 1662 Numidiae
1160 1622 1340 1674 comptes
1370 1618 1527 1661 rendus
1554 1618 1604 1661 de
1635 1618 1802 1662 l'Acaol.
1831 1620 2006 1675 d'Hipp.

261 1689 372 1729 1893
391 1701 441 1742 p.
469 1686 512 1730 V
533 1687 671 1743 (nobis
702 1687 925 1743 descripsit
956 1687 1119 1744 Gsell).
1172 1687 1351 1731 Nummi
1381 1702 1450 1742 ap.
1479 1687 1641 1730 Eclchel
1668 1691 1696 1730 7
1715 1703 1762 1742 p.
1785 1691 2004 1739 284—286,

263 1754 403 1799 Cohen
429 1756 485 1799 42
508 1771 557 1811 p.
577 1759 662 1799 478
680 1770 777 1811 seq„
801 1772 850 1812 p.
871 1759 954 1800 486
973 1771 1055 1812 seq.
1099 1757 1307 1800 Fortasse
1338 1771 1358 1799 e
1387 1757 1624 1799 maioribus
1655 1757 1745 1800 eius
1766 1758 2008 1800 Herennius

259 1819 477 1868 Orbianus
513 1826 654 1879 frater
684 1825 864 1868 Arvalis
894 1826 1152 1881 temporibus
1183 1825 1399 1868 Antonini
1427 1825 1504 1868 Pii
1543 1825 1614 1881 (cf.
1647 1826 1723 1868 sub
1755 1826 1844 1877 hoc,
1873 1840 2008 1881 supra

265 1893 322 1937 H
341 1893 426 1950 81).
488 1894 662 1938 Coniux
691 1893 882 1950 Augusti
919 1896 1056 1938 nostri
1089 1899 1116 1939 t.
1150 1895 1411 1946 Valentinus,
1445 1898 1473 1939 t.
1503 1894 1812 1946 Caesariensis,
1845 1897 2006 1938 coniux

261 1962 426 2006 domini
448 1965 584 2006 nostri
605 1963 666 2006 M.
689 1963 886 2020 Aure[lii]
911 1997 921 2007 .
936 1997 945 2007 .
960 1997 994 2007 ..
1018 1967 1043 2007 t.
1069 1964 1375 2007 Thibilitanus.
1408 1964 1555 2007 Severi
1567 1963 1814 2007 Alexandri
1831 1978 2006 2007 uxorem

261 2032 395 2086 fuisse
418 2033 639 2076 ostendunt
657 2034 820 2076 nummi
838 2033 1045 2084 nonnulli,
1068 2034 1114 2075 in
1129 2034 1283 2088 quibus
1302 2047 1396 2076 cum
1419 2047 1464 2076 eo
1480 2036 1827 2088 repraesentatur
1840 2033 2005 2088 (Colun

261 2100 288 2143 l.
321 2115 355 2144 c.
380 2116 426 2156 p.
449 2100 571 2156 478),
603 2102 703 2144 item
730 2102 848 2145 tituli
883 2102 964 2145 duo
1001 2102 1299 2145 Caesarienses
1326 2102 1438 2144 inter
1475 2115 1519 2144 se
1562 2101 1710 2144 collati
1739 2101 1863 2144 VIII
1884 2105 2003 2145 9354.

260 2172 378 2214 9355.
438 2169 645 2213 Fortasse
679 2171 782 2214 haec
823 2186 932 2214 uxor
962 2170 1227 2221 Alexandri,
1270 2185 1396 2225 quam
1439 2171 1669 2225 instiyante
1711 2170 1920 2213 Mamaea
1959 2171 2005 2214 in

259 2238 463 2293 Africam
492 2239 724 2294 releyatam
755 2253 840 2282 esse
869 2243 1058 2282 narrant
1077 2239 1314 2284 Herodian.
1337 2243 1375 2290 6,
1398 2243 1437 2290 1,
1458 2242 1514 2281 10
1545 2242 1585 2281 et
1613 2239 1814 2282 Zonaras
1844 2242 1914 2290 12,
1935 2242 2001 2290 15,

259 2321 514 2362 quamquam
544 2308 641 2351 huic
671 2308 894 2364 Auqustae
927 2308 1178 2351 vocabulum
1209 2307 1458 2362 deneyatum
1490 2321 1574 2350 (sse
1605 2311 1763 2350 narrat
1792 2308 2002 2352 Zonaras.

258 2374 327 2430 Cf.
358 2389 494 2431 supra
522 2378 600 2420 sub
619 2379 822 2421 Macrino
854 2378 915 2420 M
932 2381 1007 2421 22.
1058 2377 1187 2419 Anno
1218 2377 1362 2431 quinto
1391 2380 1430 2419 et
1457 2380 1572 2419 sexto
1603 2378 1754 2419 mariti
1783 2378 1857 2433 (29
1887 2377 2000 2432 Auq.

260 2445 472 2502 225l227)
504 2461 597 2489 eam
627 2446 849 2501 Auyustae
889 2446 1025 2488 locum
1058 2445 1323 2500 occupavisse
1364 2445 1585 2488 ostendunt
1623 2447 1787 2488 nummi
1812 2445 2003 2488 Alexan-

261 2513 389 2565 drini,
422 2515 475 2568 cf.
507 2528 543 2556 v.
568 2514 707 2557 Sallet
737 2514 804 2557 die
828 2513 974 2556 Daten
1005 2513 1044 2556 d.
1077 2513 1299 2555 alexandr.
1334 2513 1674 2556 Kaiscrmiinzen
1693 2528 1740 2568 p.
1763 2516 1816 2556 54
1848 2514 2003 2569 (annus

256 2583 427 2637 quintus
456 2586 518 2625 est
547 2584 675 2625 etiam
715 2583 761 2625 in
797 2597 964 2625 nummo
997 2581 1340 2625 Caesariensium
1372 2580 1670 2636 Cappadociae
1702 2597 1771 2636 ap.
1805 2583 2002 2625 Mionnet

260 2651 341 2694 IV
353 2666 401 2706 p.
426 2654 520 2702 435,
549 2651 653 2703 302)
665 2665 678 2702 ;
709 2651 836 2694 etiam
867 2651 1014 2693 titulus
1043 2650 1335 2693 Caesariensis
1364 2650 1488 2693 VIII
1509 2652 1618 2693 9355
1646 2650 1812 2693 videtur
1838 2652 2002 2706 positus

261 2734 346 2763 csse
377 2735 416 2763 a.
447 2724 551 2763 227.
605 2720 773 2763 Nomen
802 2721 891 2763 eius
922 2735 1089 2763 erasum
1121 2719 1212 2772 (sed
1241 2719 1410 2775 leyitur)
1441 2720 1488 2762 in
1519 2723 1546 2763 t.
1584 2720 1875 2772 Thibilitano,·
1903 2721 2002 2763 item

258 2802 409 2831 nomen
438 2790 526 2832 eius
555 2789 720 2832 videtur
749 2790 882 2843 fuisse
912 2790 1039 2844 (nunc
1062 2789 1196 2844 plane
1226 2791 1411 2845 erasum)
1437 2789 1483 2831 in
1509 2792 1538 2832 t.
1558 2788 1795 2832 Puteolano
1816 2789 1865 2832 X
1882 2793 1999 2835 1654.

190 2882 250 2889 —
293 2857 448 2900 Flavia
480 2858 581 2901 Seia
609 2859 816 2901 Isaurica.

188 2950 247 2957 —
295 2924 527 2982 Cleopatra
557 2924 714 2969 Selene
743 2939 779 2969 v.
812 2925 1057 2982 Cleopatra.

191 3019 249 3026 -
295 2994 551 3050 [F]1.(Av1A)
582 3000 823 3036 VITELLIA
855 2994 1221 3050 SEL[E]VOLANA.

174 3065 258 3107 253
292 3069 570 3117 SELEVCVS,
625 3069 836 3119 tyrannus
883 3063 964 3105 sub
1012 3062 1248 3118 Elagabalo
1300 3063 1459 3106 Polem.
1506 3063 1667 3106 Silvius
1712 3063 1856 3106 latere.
1911 3062 1998 3118 (ap.

263 3132 461 3175 Momms.
495 3131 636 3176 chron.
668 3132 769 3174 min.
792 3132 826 3174 I
840 3146 888 3186 p.
912 3131 1031 3187 521).
1090 3132 1158 3186 Cf.
1191 3145 1327 3187 supra
1357 3132 1432 3175 sub
1465 3133 1516 3174 L.
1546 3132 1662 3174 Iulio
1687 3131 1868 3174 Aurelio
1901 3131 2000 3175 Sul-

259 3200 380 3255 picio
410 3199 630 3242 Antonino
662 3200 713 3256 (I
734 3199 835 3255 125)
866 3200 941 3255 fin.

177 3269 261 3311 254
292 3267 511 3323 Seleucus,
542 3269 850 3323 grammaticus
872 3267 1080 3320 Graecus,
1112 3270 1336 3312 convictor
1357 3269 1539 3324 Tiberii,
1571 3267 1626 3311 ab
1654 3283 1703 3310 eo
1731 3267 1787 3310 ad
1817 3274 1998 3311 mortem

264 3336 511 3393 compulsus
535 3336 654 3380 Suet.
686 3337 778 3380 Tib.
809 3339 875 3380 56.

244 3410 527 3446 Prosopographia
547 3410 632 3446 Imp.
651 3410 743 3440 Rom.
779 3410 841 3439 111.
1684 3405 1725 3440 13
