2242 3672
157 276 368 315 TETTIVS
1025 272 1110 315 309
1669 278 1977 315 THEAGENES

245 423 421 452 causam
442 409 632 465 partium
655 409 1002 466 praetendebat‘‚
1027 411 1144 453 misit
1164 411 1474 465 centurionem,
1508 417 1557 454 ut
1577 425 1675 453 eum
1697 410 1980 465 interficeret3

182 504 184 507 »
243 477 320 520 sed
362 476 560 520 Iulianus
598 478 841 534 periculum
882 481 1020 522 evasit
1061 486 1103 522 et
1136 480 1303 523 Moesia
1334 480 1540 535 excessit,
1583 481 1863 537 suscepitque
1898 480 1981 522 iter

243 546 300 588 ad
330 546 664 603 Vespasianum,
697 547 812 604 quod
844 555 987 590 tamen
1020 564 1099 605 per
1126 550 1270 592 varias
1302 564 1444 592 moras
1477 550 1612 598 traxit
1647 549 1746 594 Tac.
1778 549 1819 592 h.
1848 552 1891 604 2,
1912 551 1979 592 85.

241 615 456 662 Praetura
485 631 618 672 quam
647 622 875 673 acceperat
904 618 949 658 in
981 632 1019 660 a.
1043 618 1110 670 70,
1142 618 1230 661 kal.
1254 619 1346 662 Ian.
1380 619 1419 660 ei
1440 634 1466 661 a
1489 625 1642 662 senatu
1673 617 1829 671 ablata,
1862 617 1980 674 quod

241 683 455 739 legionem
500 685 545 727 in
587 691 733 741 partes
766 686 1027 742 Vespasiani
1074 687 1465 743 transgredientem
1505 687 1768 730 deseruisset
1807 686 1907 731 Tac.
1939 686 1979 730 h.

239 757 279 808 4,
299 756 354 796 39
364 766 379 805 ,·
409 752 561 795 eadem
590 768 694 795 mox
725 754 765 795 ei
796 753 977 809 reddita,
1002 762 1241 812 ,postquam
1272 762 1553 812 compertum,
1585 755 1640 798 ad
1661 756 1980 812 Vespasianum

241 836 341 864 eum
380 821 626 877 confugisse
657 822 713 864 ib.
744 836 777 864 c.
808 826 876 865 40.
934 823 986 867 Α.
1017 824 1072 865 83
1113 839 1260 866 mense
1303 825 1399 868 Iun.
1443 823 1594 867 consul
1633 825 1840 866 suffectus
1882 838 1980 866 cum

243 890 448 932 Terentio
480 889 695 933 Strabone
725 891 886 933 Erucio
918 890 1122 934 Homullo
1151 892 1253 947 dipl.
1274 892 1362 936 mil.
1384 892 1535 936 IIIS.
1558 907 1607 947 p.
1629 896 1754 937 1962.
1779 918 1831 922 —
1854 893 1982 935 Hunc

241 973 326 1002 esse
366 959 587 1002 Iulianum
622 960 673 1016 (I
699 960 786 1016 53),
827 961 901 1015 qm·
936 960 1084 1004 Dacos
1122 962 1224 1004 vicit
1262 963 1337 1004 sub
1374 961 1628 1005 Domitiano
1667 962 1775 1018 (Dio
1808 966 1874 1017 67,
1910 963 1981 1018 10)

241 1028 416 1072 eundem
455 1032 595 1072 autem
635 1030 818 1083 fratrem
847 1030 1080 1085 Etruscae,
1120 1032 1256 1073 virum
1297 1031 1581 1086 consularem,
1624 1032 1694 1074 cui
1732 1032 1983 1087 (imperante

239 1096 510 1154 Domitiano)
550 1098 773 1141 victoriam
811 1099 860 1141 de
890 1098 1028 1141 Dacis
1069 1100 1266 1154 obtz'yisse
1300 1103 1476 1154 narrat,
1509 1100 1677 1142 nomine
1709 1114 1795 1142 nort
1824 1100 1981 1154 posito,

243 1165 413 1210 Statius
441 1166 534 1209 silv.
565 1170 603 1220 3,
634 1170 672 1221 3,
706 1169 786 1209 115
808 1180 904 1221 seq„
946 1168 1123 1210 coniecit
1158 1168 1276 1211 Gsell
1311 1169 1525 1223 me'lauyes
1566 1168 1615 1211 de
1658 1168 1797 1211 l·'e'cole
1834 1169 1891 1222 fr.
1934 1168 1983 1211 de

238 1235 374 1278 Rome
392 1238 432 1290 8,
455 1237 567 1278 1888
580 1250 627 1290 p.
646 1238 701 1278 78
722 1236 925 1291 (Tettium
951 1236 1135 1291 aliquem
1155 1237 1388 1280 Etruscum
1407 1238 1592 1292 reperiri
1604 1237 1685 1280 IX
1702 1239 1819 1292 1455,
1842 1241 1885 1292 2,
1908 1241 1979 1291 23,

243 1317 415 1358 eumque
443 1304 581 1347 videri
609 1305 740 1359 fuisse
769 1319 820 1348 ex
851 1305 995 1347 eadem
1026 1305 1178 1361 domo).

155 1373 238 1416 103
269 1379 315 1416 L.
337 1378 548 1415 TETTIVS
580 1379 765 1415 NONIVS
799 1380 1062 1416 CAECILIVS
1094 1381 1269 1416 LYSIAS
1301 1373 1567 1417 clarissimus
1598 1389 1719 1431 puer,
1752 1375 1980 1417 immature

238 1441 471 1485 defunctus
502 1445 530 1485 t.
563 1443 755 1485 urbanus
786 1458 855 1498 ap.
886 1443 1160 1486 Fabrettium
1187 1446 1285 1498 382,
1313 1447 1413 1488 207.

156 1511 238 1554 104
267 1517 309 1554 Ρ.
323 1517 536 1553 TETTIVS
554 1518 716 1554 RVFVS
738 1518 1026 1556 TONTIANVS
1045 1513 1090 1554 P.
1109 1513 1151 1568 f.,
1172 1519 1376 1569 quaestor
1393 1511 1594 1555 tribunus
1613 1511 1767 1568 plebis,
1789 1519 1982 1571 praet0r3

241 1578 376 1622 titulis
406 1579 643 1623 honoratus
664 1580 824 1640 Atinae
849 1581 906 1623 ab
929 1580 1181 1624 Atinatibus
1213 1581 1392 1624 urbanis
1413 1581 1462 1624 X
1477 1582 1599 1635 5060,
1632 1582 1734 1623 item
1762 1596 1787 1622 a
1805 1580 1984 1635 ,legione

240 1650 448 1691 vicesima
465 1648 515 1691 X
530 1650 640 1692 5059
662 1648 839 1704 (primis
860 1653 908 1692 ut
926 1649 1092 1692 videtur
1113 1650 1302 1705 Auyusti
1322 1648 1608 1704 temporibus).
1630 1674 1687 1680 —
1706 1649 1912 1692 Eiusdem
1938 1653 1985 1692 ut

240 1717 406 1760 videtum
435 1718 483 1762 P.
513 1718 630 1760 Tetti
662 1719 868 1760 Tontiani
901 1718 1010 1775 disp.
1044 1718 1237 1762 V19319
1266 1719 1356 1774 (qui
1385 1722 1413 1761 t.
1437 1718 1608 1773 positus
1639 1722 1699 1760 est
1730 1733 1842 1761 auno
1871 1718 1982 1772 749).

157 1787 239 1830 105
269 1786 415 1829 Tettia
435 1786 648 1842 Materna,
681 1802 795 1829 uxor
824 1787 876 1830 L.
898 1787 999 1830 Iulii
1020 1787 1212 1843 Longini
1241 1788 1535 1844 procuratoris
1557 1786 1673 1842 Aug.
1707 1787 1929 1842 (Corsicae
1940 1787 1981 1842 ‘?)

242 1858 271 1898 t.
301 1854 538 1899 Alerieusis
566 1855 616 1898 X
641 1858 764 1899 8036.

169 1949 227 1955 --
269 1931 496 1967 VETVRIA
527 1931 782 1967 GRATILLA
812 1931 976 1969 THAIS.

158 1995 241 2038 106
271 1993 508 2038 Thalamus
550 2011 681 2052 puer,
724 2002 873 2039 tonsor
908 1996 1096 2039 Neronis
1130 1995 1335 2039 Martial.
1365 1998 1404 2050 8,
1440 1997 1509 2050 52,
1543 1998 1575 2039 2
1605 1994 1695 2050 (vix
1726 1993 1795 2036 hic
1826 1993 1980 2036 Thala-

242 2078 339 2106 mus
371 2063 571 2107 Caesaris
602 2064 671 2107 VI
693 2063 859 2119 11931).

159 2131 239 2174 107
270 2131 463 2186 Thallus,
488 2132 686 2175 Caesaris
707 2131 889 2175 alicuius
914 2132 1080 2176 natales
1102 2131 1307 2186 celebrat,
1337 2134 1408 2174 avi
1440 2133 1636 2186 vestigiis
1661 2132 1860 2174 insistere
1884 2145 1981 2173 eum

243 2201 304 2243 ait
326 2200 459 2243 Anth.
482 2201 580 2244 Pal.
601 2204 638 2255 6,
655 2203 739 2244 235
761 2200 949 2256 (Caesar
977 2201 1143 2244 videtur
1167 2201 1412 2256 siqnifteari
1437 2200 1730 2251 Germanicus,
1755 2203 1795 2243 et
1815 2214 1983 2242 carmen

242 2271 447 2325 seriptum
478 2284 564 2313 esse
592 2271 704 2313 mter
734 2284 871 2313 anuos
887 2286 935 2325 p.
959 2269 1057 2314 Chr.
1080 2274 1218 2322 4-14;
1257 2270 1364 2313 Gaii
1392 2270 1456 2312 vel
1485 2270 1613 2312 Imcz'i
1636 2269 1755 2312 Iulia
1784 2272 1983 2312 natorum

245 2338 465 2394 Auyustus
506 2339 593 2382 clici
640 2339 831 2382 debuerit
860 2343 1001 2394 pater,
1042 2354 1128 2383 uon
1169 2342 1302 2395 avus).
1371 2338 1578 2381 Fortasse
1616 2338 1726 2381 idem
1766 2338 1983 2380 Antonius

247 2408 430 2452 Thallus
471 2409 699 2462 (civitatem
737 2409 899 2451 scilicet
936 2412 1086 2452 nactus
1118 2423 1202 2463 per
1230 2409 1466 2451 Antoniam
1505 2408 1754 2450 Germanici
1791 2409 1980 2460 rnatrem,

244 2479 299 2532 cf.
332 2477 496 2521 Jacobs
525 2477 658 2522 Anth.
689 2477 768 2521 Gr.
794 2478 931 2521 XIII
945 2493 993 2533 p.
1017 2477 1127 2534 956),
1170 2479 1291 2520 cuius
1324 2492 1496 2519 carmen
1529 2477 1583 2519 de
1618 2475 1764 2533 puella
1794 2474 1983 2531 quadam

246 2547 476 2588 immature
499 2545 705 2588 defuncta
720 2546 852 2590 Anth.
869 2546 968 2589 Pal.
991 2549 1028 2600 7,
1051 2549 1135 2588 188
1144 2559 1158 2598 ,·
1181 2545 1363 2588 Thallus
1386 2544 1580 2587 Milesius
1604 2545 1660 2587 ib.
1683 2548 1719 2599 6,
1741 2546 1806 2587 91.
1832 2547 1866 2598 7,
1888 2546 1981 2585 373.

245 2619 283 2670 9,
316 2618 431 2667 220,·
472 2614 642 2671 plangit
681 2614 981 2657 adulescentes
1021 2614 1131 2656 duos
1171 2613 1322 2656 Mileto
1360 2613 1587 2668 oriundos,
1633 2613 1675 2654 in
1717 2611 1886 2654 Italiam
1928 2611 1982 2653 ad

244 2698 428 2739 agonem
457 2683 647 2740 aliquem
677 2684 894 2740 profectos
927 2684 1074 2740 ibique
1105 2683 1331 2725 defunctos
1364 2686 1399 2737 7,
1431 2686 1529 2725 373.

160 2753 241 2795 108
271 2752 463 2807 Thallus,
496 2753 685 2807 Augusti
715 2767 868 2795 servus
898 2767 925 2795 a
954 2767 1096 2807 manu,
1130 2751 1247 2808 quod
1273 2750 1502 2807 epistulam
1534 2749 1738 2806 prodidit,
1770 2748 1982 2806 supplicio

243 2822 426 2864 affectus
458 2821 574 2865 Suet.
606 2821 719 2876 Auy.
751 2825 818 2864 67.
1213 2828 1217 2831 '

161 2891 242 2934 109
269 2889 450 2933 Thallus
479 2891 531 2935 L.
564 2890 716 2932 Avillii
748 2890 930 2933 Plantae
961 2904 1115 2932 servus
1147 2890 1216 2933 VI
1236 2893 1332 2944 621,
1364 2890 1549 2944 agitator
1578 2888 1648 2943 ib„
1680 2902 1794 2929 anno
1824 2886 1879 2927 90
1910 2886 1979 2939 ib„

244 2960 444 3002 factionis
475 2966 670 3002 russatac
698 2960 928 3014 ῘῙΙ10048,
950 2963 1014 3013 14,
1048 2959 1161 3001 inter
1191 2958 1382 3001 cclebrcs
1414 2958 1647 3013 agitatores
1682 2955 1884 3010 temporis
1916 2954 1982 2995 sui

250 3027 453 3071 Martial.
472 3031 509 3081 4,
533 3031 598 3083 67,
621 3031 659 3071 5.
721 3028 788 3082 Cf.
818 3027 1106 3070 Friedlander
1137 3027 1315 3082 Sitteny.
1342 3029 1403 3071 26
1426 3042 1475 3082 p.
1496 3029 1578 3069 513
1596 3039 1678 3078 seq.

161 3099 242 3140 110
273 3096 539 3150 Theagenes,
578 3095 860 3152 philosophus
893 3095 1100 3151 CynicuS,
1142 3096 1284 3138 Patris
1317 3094 1526 3137 oriundus
1557 3093 1738 3134 Isueiart.
1772 3091 1821 3133 (le
1850 3093 1982 3132 morte

246 3164 467 3219 Pereyriu.
490 3177 524 3208 c,
545 3167 612 3218 36,
645 3165 808 3206 Romae
830 3162 1075 3205 declamare
1096 3163 1265 3206 solebat
1285 3165 1328 3205 in
1350 3163 1577 3219 gymnasio
1596 3161 1774 3203 Traiani
1792 3158 1981 3202 Galenus

246 3235 461 3290 θεραπευτ.
505 3232 682 3289 μεθόδου
712 3235 778 3283 13,
810 3235 862 3275 15
894 3231 959 3284 (Χ
987 3246 1035 3286 p.
1067 3234 1149 3274 909
1190 3232 1381 3289 Kuelm).
1450 3231 1701 3273 Admirator
1742 3227 1979 3282 Peregrini,

248 3303 319 3344 cui
363 3301 530 3343 adstitit
575 3316 673 3343 cum
718 3302 754 3342 is
799 3315 878 3343 sua
918 3307 1070 3357 sponte
1114 3300 1253 3343 obiret
1292 3300 1544 3357 Olympiae,
1589 3305 1630 3340 et
1670 3298 1792 3339 cuius
1832 3295 1981 3338 laudes

245 3369 406 3428 populo
439 3371 639 3426 exposuit
668 3370 850 3412 [suetan.
885 3368 934 3411 cle
967 3372 1098 3412 morte
1128 3368 1302 3425 Pereyr.
1334 3383 1368 3412 c.
1399 3372 1438 3411 3.
1469 3371 1507 3412 5.
1541 3371 1580 3410 7.
1610 3370 1675 3409 14.
1707 3369 1777 3410 21.
1807 3366 1877 3409 24.
1908 3367 1978 3407 25.
