2242 3672
281 258 523 294 SEDATIVS
1144 249 1226 291 190
1832 255 2082 292 SEGESTES

364 390 505 431 datius
546 389 803 431 Severianus
843 390 871 429 t.
904 391 947 430 2.
981 390 1020 429 4.
1059 390 1095 436 7,
1134 387 1231 428 item
1272 389 1300 429 t.
1339 389 1367 427 3
1410 385 1514 438 (nisi
1551 386 1662 440 quod
1695 373 1956 440 praenomen
1999 401 2084 431 non
2145 437 2149 442 ,

366 458 492 512 plene
536 456 679 509 extaffi,
725 455 993 510 [Se]dati(us)
1037 455 1298 497 Severianus
1346 457 1373 496 t.
1406 456 1446 505 8,
1493 454 1756 497 Severianus
1801 459 1829 498 t.
1865 460 1903 499 1.
1968 455 2018 501 C.
2053 456 2082 502 f.

365 530 394 570 t.
424 530 463 570 4.
494 528 532 568 5.
564 529 600 568 7.
662 523 799 565 Tribu
838 522 961 575 Quir.
995 526 1021 566 t.
1048 525 1086 565 5.
1119 525 1157 566 6.
1219 522 1507 578 Temporibus
1537 522 1748 565 Antonini
1780 524 1846 566 Pii
1877 530 2084 581 patronus

364 593 647 649 complurium
675 590 952 645 collegiorum
984 590 1246 633 Ostiensium
1280 594 1307 634 t.
1337 594 1429 633 4-7
1458 592 1513 644 (a.
1549 592 1629 634 140
1661 595 1688 634 t.
1717 596 1757 643 4,
1789 608 1826 635 a.
1857 595 1932 636 152
1963 597 1991 636 t.
2015 594 2082 648 7).

363 663 551 715 Legatus
581 660 767 714 Augusti
800 660 896 715 (pro
930 675 992 715 pr.
1025 660 1273 715 Provinciae
1303 660 1486 714 Daciae)
1519 664 1546 704 t.
1568 664 1600 703 2
1626 661 1680 714 cf.
1703 664 1731 703 t.
1755 665 1790 704 1.
1839 660 1983 717 (Anno
2002 664 2084 705 153

363 730 541 783 leyatum
573 727 739 770 Daciae
769 728 901 781 fuisse
932 728 1097 782 colleyit
1125 728 1386 782 Borghesius
1418 743 1509 783 opp.
1538 732 1566 771 3
1587 744 1635 784 Ρ.
1656 733 1738 771 473
1769 744 1819 772 ex
1849 729 1971 773 titulo
2000 730 2092 774 III

360 796 455 847 83*,
496 797 570 839 sed
606 796 717 850 falso
755 800 831 838 aut
868 799 975 838 certe
1001 797 1250 850 gyravissinie
1281 797 1547 852 interpolato,
1588 812 1706 852 quern
1737 801 1966 853 praeterea
1998 811 2084 842 non

361 865 635 916 Severianus,
685 865 758 907 sed
801 865 864 908 M.
913 865 1147 908 Sorrianus
1188 865 1376 907 traditur
1415 866 1650 917 dedicasse,
1696 867 1807 920 quod
1842 880 1992 912 nomen
2032 880 2084 910 ex

359 934 580 976 Severiani
613 935 778 975 nomine
812 923 1062 988 'corruptum
1101 947 1186 976 esse
1225 935 1378 976 statuit
1413 935 1701 989 Boryhesv‘us.)
1762 934 1927 978 Consul
1966 933 2081 991 (suff.

362 1017 400 1046 a.
434 1003 540 1053 inc.‚·
584 1016 696 1044 anno
725 1005 806 1045 153
834 1002 898 1045 vel
918 1002 1074 1057 paullo
1095 1006 1269 1057 postea,
1301 1003 1562 1058 Boryhesius
1593 1003 1618 1047 l.
1651 1018 1683 1046 c.
1705 1007 1886 1058 propter
1915 1003 2084 1047 titulum

359 1071 517 1125 falsum
546 1070 667 1112 niodo
698 1070 887 1124 citatum)
920 1074 947 1114 t.
970 1074 1007 1120 1,
1039 1085 1132 1112 cum
1167 1071 1214 1114 P.
1248 1071 1456 1127 Septimio
1487 1071 1608 1128 Apro
1639 1075 1668 1114 t.
1698 1075 1737 1114 3.

273 1153 355 1193 232
383 1158 435 1193 M.
465 1157 707 1193 SEDATIVS
749 1157 971 1192 SEVERVS
1012 1157 1177 1193 IVLIVS
1215 1157 1433 1193 REGINVS
1465 1151 1523 1194 M.
1555 1151 1671 1193 filius
1701 1153 1807 1207 (sine
1836 1151 1964 1195 dubio
1993 1151 2083 1195 eius

356 1221 430 1273 qui
440 1220 691 1276 praecedit),
714 1219 830 1261 tribu
852 1219 999 1274 Quir.;
1026 1226 1234 1276 patronus
1257 1221 1490 1262 eorundem
1513 1219 1795 1276 collegiorum
1816 1219 2079 1264 Ostiensium

358 1303 542 1344 quorum
572 1295 697 1345 pater
723 1288 849 1331 XIV
864 1292 964 1332 246.
993 1292 1090 1332 247.
1121 1292 1218 1332 248.
1250 1292 1347 1333 250.

272 1369 355 1411 233
388 1368 434 1413 C.
468 1368 670 1412 Sedatius
701 1368 893 1412 Velleius
924 1370 1099 1411 Priscus
1130 1369 1375 1424 Macrinus,
1414 1369 1644 1426 Palmyrae
1675 1376 1817 1412 statua
1846 1369 2082 1412 honoratus

358 1438 412 1479 ab
443 1437 614 1479 homine
643 1439 814 1494 privato
842 1442 869 1480 t.
892 1438 1172 1493 Palmyrenus
1199 1438 1267 1481 CI
1269 1438 1347 1481 Gr.
1368 1442 1476 1481 4494
1498 1460 1552 1474 z
1574 1439 1740 1494 Papers
1761 1439 1812 1492 of
1826 1438 1892 1482 the
1911 1437 2082 1481 Ameri-

359 1520 438 1548 can
466 1506 608 1548 school
629 1510 674 1548 at
693 1506 856 1548 Athens
875 1507 964 1549 III
977 1521 1026 1560 p.
1047 1510 1128 1549 443
1155 1520 1197 1549 n.
1221 1510 1316 1550 642.
1374 1507 1454 1549 Vix
1475 1507 1596 1558 ideni,
1628 1507 1702 1550 sed
1730 1510 1870 1549 tamen
1899 1505 2082 1550 eiusdem

356 1575 549 1628 familiae
580 1575 643 1630 (ut
672 1576 847 1618 coniecit
875 1575 1162 1630 Waddinyton
1188 1575 1246 1618 ad
1264 1576 1408 1618 Lebas'
1431 1579 1470 1626 3,
1500 1576 1611 1631 584),
1645 1576 1825 1618 Velleius
1852 1575 2082 1618 Macrinus

357 1643 518 1697 leqatus
546 1643 779 1698 Bithyniae
807 1645 882 1686 sub
912 1644 1099 1687 Claudio
1128 1643 1306 1687 Gothico
1337 1644 1408 1699 (ef.
1440 1646 1517 1687 sub
1547 1644 1652 1700 hoe).

270 1723 355 1765 234
386 1729 620 1778 SEDATVS,
650 1730 777 1766 antea
796 1723 1074 1780 Theophilus,
1097 1725 1263 1779 origine
1283 1724 1534 1767 Nicaeensis
1553 1724 1740 1779 (Νικαεύς
1756 1725 1894 1768 Arist.
1904 1739 1953 1780 p.
1964 1725 2077 1780 506),

355 1798 528 1834 senator
556 1792 775 1834 Romanus
807 1791 874 1847 (p.
904 1792 1015 1847 477),
1057 1794 1299 1849 praetorius
1331 1791 1396 1847 (p.
1427 1792 1535 1844 506),
1571 1794 1833 1836 valetudinis
1863 1794 2079 1837 curandae

355 1875 485 1902 causa
515 1861 714 1915 Pergami
754 1860 938 1915 degebat
978 1860 1130 1902 eodem
1171 1868 1363 1916 tempore
1405 1876 1489 1917 quo
1524 1861 1739 1904 Aristides
1768 1861 1986 1906 Aristides
2015 1876 2077 1908 or.

354 1929 528 1971 XXIV.
558 1929 730 1972 XXVI
752 1930 798 1984 (t.
829 1933 855 1971 1
883 1944 931 1984 p.
962 1932 1057 1972 477.
1085 1932 1180 1972 506.
1210 1932 1291 1973 515
1321 1929 1381 1973 ed.
1413 1930 1643 1985 Dindorf).
1703 1930 1772 1973 De
1804 1930 1870 1974 M.
1902 1930 2078 1974 Sedatio

355 1997 583 2040 Severiano
606 1999 754 2053 (supra
772 2012 814 2042 n.
835 1998 936 2050 231)
963 1999 1250 2053 coyitaverunt
1268 1999 1464 2042 nonnulli
1484 1999 1712 2054 (Boryhesi
1730 2014 1824 2054 opp.
1844 2002 1872 2042 8
1893 2014 1943 2055 p.
1963 2002 2075 2056 473),

354 2066 424 2108 vix
452 2069 574 2109 recte.
632 2067 689 2108 In
728 2066 850 2109 titulo
880 2067 1119 2109 Laodiceae
1150 2067 1208 2109 ad
1233 2068 1393 2122 Lycum
1430 2082 1516 2122 rep.
1549 2067 1615 2111 CI
1617 2067 1671 2111 G.
1695 2071 1817 2121 3937,
1848 2069 1923 2123 qui
1948 2067 2077 2111 hono-

353 2137 478 2175 ratur
522 2135 754 2190 Seda[t]ius
798 2135 1120 2191 The[o]philus,
1173 2150 1266 2178 euni
1310 2137 1492 2179 eiusdem
1535 2137 1730 2191 familiae
1772 2150 1858 2179 esse
1902 2136 2078 2180 coniecit

353 2202 636 2258 Waddinyton
666 2205 783 2247 nie'm.
816 2204 865 2246 dc
896 2204 1046 2246 l’acad.
1079 2204 1150 2247 des
1177 2205 1305 2247 inscr.
1334 2208 1405 2256 26,
1435 2209 1462 2248 1
1491 2208 1631 2262 (1867)
1654 2220 1702 2260 p.
1723 2207 1822 2248 257.

267 2282 350 2325 235
381 2282 441 2325 Μ.
483 2283 668 2326 Sedatus
710 2283 870 2341 (Μάρκε
910 2285 1066 2341 Σήδατε
1107 2285 1313 2337 traditur,
1360 2299 1462 2328 casu
1497 2287 1682 2340 quinto):
1724 2286 1780 2328 ad
1820 2300 1916 2328 eum
1956 2284 2077 2328 dedit

353 2350 612 2393 Plutarchus
657 2352 811 2394 librum
863 2354 1118 2409 inscriptum
1164 2354 1377 2410 quomodo
1426 2355 1678 2397 adulescens
1726 2361 1874 2411 poetas
1923 2346 2075 2396 audire

353 2418 510 2461 debeat
535 2420 651 2462 Plut.
681 2421 830 2464 moral.
853 2437 900 2476 p.
925 2421 1035 2464 14D
1065 2422 1126 2465 ed.
1148 2423 1262 2478 Xyz„
1284 2423 1319 2465 Ι
1332 2438 1379 2478 p.
1400 2427 1457 2466 33
1487 2423 1548 2466 ed.
1580 2423 1891 2466 Bernardahis.
1936 2421 2075 2464 Filius

352 2488 444 2529 eius
475 2487 689 2531 Cleander
720 2490 774 2532 ib.
803 2505 846 2544 p.
869 2493 922 2533 15
935 2490 989 2533 Α.

281 2591 337 2596 -·
383 2573 423 2609 C.
457 2573 781 2611 CALPETANVS
813 2576 1029 2612 RANTIVS
1062 2577 1301 2616 SEDATVS.

267 2647 350 2689 236
382 2647 581 2702 Segestes
613 2650 700 2703 (ap.
731 2649 986 2693 Strabonem
1017 2651 1149 2693 altero
1180 2651 1268 2694 loco
1299 2651 1485 2694 traditur
1513 2651 1735 2708 Αἰγέστης),
1774 2650 1931 2694 nobilis
1962 2650 2071 2694 Che-

352 2730 519 2770 ruchS,
563 2732 589 2758 a
628 2717 728 2759 divo
770 2717 967 2773 Augusto
1009 2720 1185 2761 civitate
1227 2720 1410 2762 donatus
1452 2721 1548 2764 Tac.
1588 2735 1627 2764 a.
1663 2724 1701 2770 1,
1736 2723 1804 2764 58.
1863 2720 2071 2762 Inimicus

351 2783 558 2838 Arminii,
610 2786 684 2841 qui
734 2786 866 2828 filiam
918 2788 1009 2829 eius
1061 2788 1384 2840 (Thusneldani)
1444 2795 1648 2845 rapuerat
1697 2789 1795 2831 Tac.
1839 2802 1880 2830 a.
1920 2791 1965 2839 1,
2003 2790 2070 2831 55.

352 2851 405 2894 A.
437 2867 476 2908 p.
510 2852 610 2896 Chr.
643 2853 668 2894 9
699 2855 1038 2897 coniurationem
1061 2856 1246 2898 Arminii
1270 2857 1386 2899 Varo
1417 2857 1638 2910 indicavit,
1671 2857 1746 2898 sed
1775 2857 1938 2899 frustra
1968 2855 2069 2901 Vell.

353 2923 395 2970 2,
428 2923 531 2971 118;
561 2920 724 2963 Florus
753 2926 797 2972 2,
831 2927 909 2974 30;
945 2925 1042 2966 Tac.
1076 2939 1115 2966 a.
1147 2929 1185 2976 1,
1211 2927 1275 2968 55.
1296 2928 1363 2968 58.
1424 2925 1580 2968 Occiso
1610 2926 1728 2968 Varo
1760 2931 1803 2968 et
1831 2926 1925 2982 ipse
1957 2931 2070 2967 ‘con-

351 3003 479 3030 sensu
519 2990 660 3042 gentis
701 2991 746 3031 in
785 2990 943 3033 bellum
985 2999 1188 3044 tractus’3
1230 3001 1482 3036 manserunt
1518 3001 1657 3035 tamen
1690 2993 1943 3035 inimicitiae
1972 3007 2070 3035 cum

352 3055 548 3098 Arminio
586 3058 682 3101 Tac.
716 3072 754 3102 a.
786 3062 823 3108 1,
856 3062 921 3101 55.
952 3063 1019 3102 58.
1074 3061 1127 3103 A.
1159 3077 1200 3118 p.
1234 3062 1336 3104 Chr.
1371 3063 1422 3104 15
1453 3077 1479 3104 a
1506 3062 1692 3104 factione
1721 3061 2068 3104 adversariorum

351 3125 679 3179 circumsessus,
723 3127 932 3169 auxilium
973 3130 1127 3184 petivit
1166 3145 1192 3172 a
1233 3131 1516 3184 Germanieo;
1558 3132 1630 3187 qui
1673 3130 1868 3171 exercitu
1895 3129 2066 3171 admoto

351 3207 449 3234 eum
485 3208 582 3235 cum
612 3208 770 3249 magna
800 3197 1141 3252 propinquorum
1173 3205 1216 3240 et
1244 3191 1466 3241 clientium
1497 3214 1628 3240 manu
1655 3198 1879 3241 obsidione
1908 3198 2068 3239 exemit

354 3267 396 3302 et
424 3261 567 3303 sedem
599 3263 638 3303 ei
669 3263 713 3303 in
744 3264 838 3318 ripa
868 3264 1061 3307 Romana
1090 3267 1286 3322 promisit
1310 3267 1408 3310 Tac.
1432 3281 1471 3311 a.
1493 3271 1531 3317 1,
1552 3270 1707 3310 55-59.
1751 3265 1806 3309 A.
1829 3281 1869 3322 p.
1892 3265 1994 3309 Chr.
2019 3265 2066 3308 17

352 3329 512 3370 Romae
546 3332 757 3385 spectavit
787 3332 1062 3388 triumphum,
1106 3349 1231 3390 quem
1271 3335 1324 3376 de
1364 3336 1618 3391 propinquis
1653 3336 1743 3376 eius
1782 3334 2066 3378 Germanicus
