2242 3672
314 285 567 323 SVLPICIVS
1173 272 1258 314 290
1323 271 1325 274 ’
1891 273 2118 312 SVLPICIA

399 415 515 469 Quid
545 418 819 456 monumento
852 407 1029 451 inscribi
1060 409 1235 451 iusserit
1264 407 1354 450 Dio
1385 407 1411 449 l.
1445 421 1478 449 c.
1511 407 1634 460 (Zon.
1662 406 1688 448 l.
1711 406 1790 460 c.);
1819 420 1904 448 exc.
1937 405 1986 448 de
2013 408 2117 450 sent.

399 484 424 527 l.
454 498 486 525 c.
513 497 557 536 p.
579 484 685 530 204,
720 492 804 521 exe.
831 477 1109 520 Salmasiana
1143 477 1255 519 inter
1283 476 1528 530 fraymenta
1556 475 1736 517 Ioannis
1765 473 2020 517 Antiocheni
2048 476 2140 528 ap.'

398 551 558 594 Muller
579 550 637 602 fr.
659 548 752 591 hist.
780 545 932 589 Gracc.
954 546 989 587 Ι
994 545 1036 587 V
1044 559 1094 599 p.
1115 547 1197 588 581
1225 558 1268 587 n.
1288 547 1381 594 114,
1416 542 1625 586 Cedrenus
1645 543 1680 586 I
1692 558 1741 599 p.
1763 545 1844 586 438
1870 542 1932 585 ed.
1962 540 2124 592 Bonn.,‘
2212 533 2214 535 ’
2239 529 2241 531 ’

396 619 475 661 alii
504 619 619 672 (quot
639 628 770 658 annos
791 614 956 664 vixerit,
985 627 1072 656 non
1101 613 1265 656 rettulit
1290 612 1403 663 Dio,·
1432 615 1542 655 recte
1564 612 1673 654 enim
1696 612 1801 669 βιοὺς
1822 613 1894 668 μὲν
1918 609 1988 668 ἔτη
2008 609 2118 661 τόσα,

396 690 518 744 ζήσας
551 687 594 728 δὲ
626 684 692 741 ἔτη
725 685 823 726 ἑπτά
854 696 938 725 exc.
966 681 1015 724 de
1044 682 1139 726 virt.
1161 681 1294 736 Xiph.
1318 681 1422 724 Zon.
1435 694 1448 732 ‚·
1477 681 1618 723 minus
1636 683 1748 723 recte
1769 681 1874 737 βιοὺς
1894 678 1962 737 ἔτη
1982 679 2122 735 πεντή-

394 771 511 798 κοντα
534 767 619 795 exc.
643 752 692 795 de
712 755 826 806 sent,
851 764 937 793 exc.
961 750 1121 802 Salm.‚·
1150 750 1217 808 ἔτη
1239 749 1313 800 ος’,
1335 749 1446 804 quod
1464 750 1511 791 in
1532 748 1654 791 libris
1675 747 1926 803 quibusdam
1942 746 2123 791 Oedreni

391 822 602 877 repperiri
638 820 802 864 rettulit
840 819 1145 870 Leunclavius,
1184 833 1234 861 666
1264 818 1331 875 ἔτη
1360 818 1458 861 τόσα
1488 821 1732 872 corruptum
1761 816 1925 859 iudicat
1951 814 2121 859 Boisse-

392 891 532 946 vain),·
563 891 615 944 cf.
646 889 771 932 schol.
805 887 873 931 ad.
905 887 1025 930 Pers.
1056 890 1137 930 sat.
1159 891 1203 938 2,
1226 891 1264 938 1,
1294 887 1371 930 ubi
1400 886 1543 929 eadem
1573 886 1793 940 inscriptio
1823 885 2021 939 refertur,
2049 883 2124 926 sed

393 960 481 1001 sine
503 957 667 1002 Similis
687 957 904 1001 mentione.
929 982 980 988 —-
1004 955 1144 999 Genio
1173 955 1335 999 Similis
1366 955 1566 1009 (fortasse
1586 954 1755 1009 huius),·
1781 953 1997 997 dedicatus
2027 955 2056 996 t.
2080 955 2119 996 4.

309 1028 390 1070 736
422 1034 529 1070 SEX.
573 1032 828 1068 SVLPICIVS
869 1031 1164 1067 TERTVLLVS
1206 1025 1282 1080 (sic
1312 1023 1361 1066 X
1389 1026 1508 1066 7845.
1549 1023 1675 1066 XIV
1695 1026 1833 1074 2410;
1871 1021 2123 1078 plerumque

390 1095 499 1138 nude
520 1093 765 1148 Tertullus·
792 1093 946 1135 Tullus
967 1091 1640 1152 fastiHydat)00nsu10rd.a
1666 1092 1746 1134 158
1770 1105 1868 1134 cum
1889 1090 1944 1144 Q.
1965 1089 2120 1134 mineio

391 1163 625 1207 Sacerdote
655 1127 773 1216 fasti.

307 1231 388 1274 737
421 1230 638 1288 Sulpicius
669 1230 796 1273 Trio:
838 1230 928 1272 eius
964 1213 1118 1272 liberta
1146 1229 1193 1271 in
1223 1232 1251 1271 t.
1288 1229 1526 1272 Tusculano
1555 1228 1682 1271 XIV
1702 1230 1829 1271 2737.
1890 1202 2123 1271 Videndum
2176 1275 2179 1278 ᾗ
2206 1216 2242 1283 -Ῑζ

389 1314 491 1342 num
520 1301 654 1354 fuerit
682 1300 802 1343 homo
831 1298 1001 1342 nobilis.

307 1368 388 1411 738
421 1375 661 1423 SVLPICIA,
681 1368 771 1411 Ser.
790 1367 974 1424 Sulpicii
994 1366 1163 1410 Galbae
1183 1366 1285 1417 filia,
1308 1367 1461 1408 statuis
1483 1366 1693 1408 honorata
1713 1365 1769 1408 ab
1782 1363 2123 1408 Athenienmbus

393 1436 509 1480 CIA.
532 1437 621 1479 ΙΙΙ
641 1439 738 1479 869.
769 1439 864 1480 870.
916 1435 1126 1477 Eiusdem
1155 1434 1313 1478 liberta
1344 1434 1413 1477 VI
1433 1437 1586 1478 27005.
1638 1433 1839 1476 Sororem
1868 1433 2002 1488 fuisse
2029 1431 2120 1478 Ser.

393 1505 559 1548 Galbae
588 1505 881 1559 imperatoris,
923 1504 1061 1559 filliam
1090 1503 1182 1547 Ser.
1216 1503 1403 1558 Sulpicii
1428 1502 1596 1546 Galbae
1626 1501 1810 1545 consulis
1840 1516 1880 1547 a.
1918 1503 1996 1576 749
2026 1514 2122 1544 con-
2210 1499 2242 1589 ,ξ

390 1575 486 1617 iecit
515 1573 774 1628 Boryhesius
805 1587 898 1628 opp.
920 1575 947 1616 5
967 1587 1016 1627 p.
1038 1575 1130 1615 147.
2210 1585 2235 1631 {³5

307 1643 388 1685 739
421 1642 624 1699 Sulpicia,
648 1641 772 1684 Servi
798 1641 888 1684 filia
908 1640 985 1697 (sic
1012 1640 1165 1685 Tibull.
1189 1640 1279 1683 III
1290 1643 1343 1682 16
1363 1639 1464 1695 [IV
1474 1638 1558 1694 10],
1580 1638 1647 1694 4).·
1668 1638 1722 1681 de
1744 1639 1837 1681 eius
1859 1645 1902 1682 et
1922 1637 2120 1682 Cei-iuthi

390 1726 534 1753 amore
573 1711 766 1753 carmina
806 1724 899 1752 cum
943 1709 1202 1752 Tibullianis
1242 1709 1428 1759 tradita,
1473 1707 1628 1751 Tibull.
1662 1708 1752 1750 III
1783 1710 1813 1749 8
1851 1706 2008 1763 (11⁷2)
2037 1720 2120 1762 seq.
2210 1718 2220 1734 ⁸

391 1782 576 1835 (partem
607 1779 845 1821 carminum
875 1779 930 1821 ab
957 1779 1053 1833 ipsa
1075 1777 1272 1832 Sulpicia
1298 1778 1570 1832 compositam
1595 1789 1681 1819 esse
1700 1776 1853 1819 statuit
1875 1775 1923 1820 O.
1946 1775 2124 1832 Gruppc

390 1847 617 1890 roemische
637 1847 684 1890 E
690 1847 793 1902 leyie
814 1851 852 1897 1,
878 1849 988 1890 1838
1005 1861 1052 1901 p.
1067 1850 1135 1897 49,
1163 1860 1281 1900 quem
1300 1848 1530 1900 sequuntur
1541 1843 1769 1899 plerique).
1799 1843 1870 1887 Ad
1890 1843 2122 1893 Messalam

393 1916 477 1968 (M.
503 1916 719 1959 Valerium
740 1916 977 1959 Messalam
1000 1915 1229 1959 Corvinum
1247 1918 1296 1957 ut
1313 1914 1490 1965 videtur,
1511 1914 1694 1968 fortasse
1715 1912 1967 1956 avunculum
1984 1926 2120 1965 suum,

389 1985 442 2038 cf.
464 1984 600 2038 infra)
622 1985 756 2027 verba
777 1984 891 2039 facit,
924 1983 994 2026 vel
1015 1983 1151 2026 verba
1182 1984 1345 2025 faciens
1373 1982 1594 2024 inducitur
1619 1982 1712 2025 Tib.
1734 1981 1825 2024 III
1833 1985 1888 2024 14
1907 1981 2006 2037 (IV
2016 1981 2062 2036 8)
2080 1984 2120 2026 5.
2187 2010 2199 2035 ς,

391 2052 559 2095 Filiam
588 2054 721 2106 fuisse
753 2053 949 2096 Valeriae
978 2052 1268 2095 Messalarum
1296 2052 1478 2103 sororis,
1512 2065 1637 2105 quam
1668 2051 1824 2094 amisso
1855 2050 2003 2094 Servio
2030 2050 2122 2094 viro

392 2136 477 2164 non
518 2122 720 2176 amplius
740 2124 932 2177 nupsisse
972 2122 1108 2164 tradit
1145 2122 1432 2176 Hieronymus
1472 2120 1564 2163 adv.
1606 2119 1879 2162 Iovinianum
1915 2123 1954 2170 1,
1984 2121 2051 2170 46,
2083 2121 2122 2161 et

393 2189 486 2232 Ser.
501 2190 684 2244 Sulpicii
696 2190 815 2245 Rufi,
837 2204 955 2244 quem
975 2190 1279 2232 adulescentem
1297 2192 1504 2232 memorat
1520 2187 1668 2231 Cicero
1678 2201 1765 2243 pro
1787 2187 1960 2232 Muren.
1976 2189 2047 2238 26,
2067 2189 2122 2230 54

394 2260 433 2299 et
463 2258 581 2309 alibi,
614 2259 790 2301 coniecit
819 2259 971 2313 Haupt
998 2258 1146 2302 Herm.
1167 2261 1206 2308 5,
1227 2261 1282 2300 34
1311 2278 1366 2292 =
1399 2271 1538 2312 opusc.
1558 2260 1598 2307 3,
1619 2259 1714 2300 503.

308 2326 390 2367 740
421 2326 626 2382 Sulpicia,
659 2342 771 2369 uxor
796 2326 961 2377 Caleni,
994 2328 1039 2368 in
1070 2341 1254 2383 quorum
1285 2325 1393 2368 felix
1422 2326 1674 2380 coniugium
1704 2325 1878 2381 scripsit
1906 2321 2122 2366 Martialis

392 2395 522 2449 epiyr.
554 2399 618 2446 10,
650 2399 705 2438 38
736 2396 792 2449 cf.
822 2399 889 2448 10,
920 2398 986 2440 35.
1017 2399 1099 2446 21,·
1128 2395 1275 2449 Apoll.
1306 2394 1508 2438 Sidonius
1538 2408 1668 2436 carm.
1694 2396 1731 2444 9,
1753 2396 1855 2437 262.
1914 2391 2122 2436 Carmina

392 2463 484 2504 cius
524 2478 680 2519 parum
719 2464 879 2520 pudica
921 2463 1122 2506 Martial.
1160 2468 1226 2513 10,
1257 2466 1310 2506 35
1321 2477 1335 2515 ;
1374 2462 1577 2507 Sidonius
1615 2462 1642 2505 l.
1672 2475 1730 2513 c.,·
1768 2476 1923 2503 versus
1962 2474 2019 2502 ex
2058 2459 2120 2503 eis

394 2531 573 2573 affertur
602 2527 728 2574 schol.
752 2533 818 2575 ad.
839 2533 934 2575 Iuv.
955 2536 1035 2577 sat.
1057 2536 1095 2583 6,
1116 2535 1200 2575 537
1228 2530 1375 2584 (Prob.
1406 2531 1585 2585 Vallac).
1630 2531 1769 2573 Extat
1793 2530 1869 2572 sub
1902 2528 2121 2584 Suspiciae

389 2600 554 2641 nomine
585 2614 775 2651 carmen,
818 2615 898 2655 quo
933 2601 1035 2643 haec
1064 2600 1281 2643 inducitur
1309 2613 1483 2653 querens
1514 2599 1563 2642 de
1593 2598 1849 2653 temporibus
1877 2595 2124 2640 Domitiani

396 2667 483 2720 (ap.
507 2667 739 2710 Buecheler
768 2670 814 2710 in
840 2669 1019 2711 editione
1039 2657 1185 2711 Persii
1204 2671 1244 2710 et
1264 2667 1483 2710 Iuvenalis
1503 2682 1616 2722 app„
1647 2666 1869 2709 Baehrens
1883 2668 1998 2720 poet.
2019 2665 2118 2709 Lat.

393 2734 494 2778 min.
528 2734 569 2777 V
582 2750 629 2789 p.
654 2739 706 2778 93
725 2737 840 2791 seq),
871 2737 945 2779 sed
972 2736 1084 2791 quod
1111 2736 1275 2779 videtur
1303 2735 1434 2778 multo
1463 2738 1618 2790 postea
1648 2735 1811 2777 demum
1840 2733 2121 2788 conscriptum
2170 2730 2226 2795 ”

395 2815 481 2844 esse
491 2815 503 2853 ;
533 2804 587 2856 cf.
624 2803 784 2856 Teuffel
813 2806 918 2850 Litt.
949 2809 1052 2856 323,
1086 2808 1124 2847 7.

311 2869 389 2910 741
425 2871 686 2924 SVLP(ICIA)
718 2878 1046 2914 DRYANTILLA
1076 2878 1306 2915 AVGVSTA
1336 2872 1498 2914 nummi
1525 2872 1571 2914 in
1591 2871 1823 2914 Pannonia
1846 2869 2016 2925 reperti,
2048 2883 2119 2924 ap.

393 2937 555 2979 Eckhel
582 2941 620 2988 7,
647 2942 739 2990 463,
772 2939 910 2982 Cohen
940 2941 1001 2983 ed.
1035 2944 1066 2984 2
1096 2944 1124 2983 t.
1146 2944 1172 2984 6
1193 2956 1241 2995 p.
1264 2944 1329 2991 11,
1368 2940 1446 2983 Th.
1468 2940 1617 2982 Rhode
1645 2938 1760 2981 arch.
1793 2952 1854 2993 ep.
1883 2936 2031 2980 Mitth.
2052 2939 2116 2988 16,
2182 2931 2219 2994 ᾗ

395 3007 505 3046 1893
516 3020 562 3059 p.
576 3009 660 3048 236
670 3020 738 3060 seq
770 3009 854 3050 tab.
871 3009 904 3050 I
909 3009 1013 3051 V:
1034 3009 1203 3053 Wiener
1217 3010 1410 3051 numism.
1428 3007 1631 3052 Zeitsckr.
1649 3010 1707 3050 25
1722 3006 1865 3062 (1894)
1876 3020 1925 3061 p.
1936 3007 2021 3049 421
2035 3018 2119 3060 seq.
2172 2981 2212 3054 3³³³

396 3073 480 3114 tab.
514 3073 558 3114 V.
575 3097 631 3102 —
654 3074 819 3116 Coniux
848 3076 1011 3118 videtur
1035 3078 1167 3130 fuisse
1186 3077 1458 3131 imperatoris
1477 3075 1714 3131 Reqaliani
1740 3075 1890 3130 (supra
1915 3072 1954 3117 G
1968 3072 2030 3128 2),
2061 3073 2116 3128 cf.

394 3140 555 3182 Eclchel
575 3141 601 3185 l.
624 3155 682 3192 c.,·
711 3142 860 3184 Rhode
881 3144 996 3188 arch.
1019 3159 1081 3198 ep.
1106 3145 1252 3188 Mitth.
1286 3145 1312 3189 l.
1345 3158 1378 3187 c.
1402 3159 1449 3199 p.
1465 3138 1561 3194 241,
1590 3157 1702 3187 num.
1724 3142 1930 3187 Zeitschr.
1951 3156 2001 3196 p.
2019 3145 2117 3186 426.
2169 3143 2229 3198 {j

312 3206 394 3249 742
426 3214 652 3249 SVLPICIA
674 3215 936 3265 GALBILLA,
962 3211 1010 3253 O.
1032 3212 1085 3254 f.:
1111 3227 1138 3254 a
1159 3213 1323 3255 duabus
1343 3212 1514 3266 feminis
1531 3211 1657 3253 huius
1675 3211 1871 3262 nominis,
1901 3209 2119 3253 sororibus

394 3278 440 3317 ut
469 3275 643 3326 videtur,
670 3279 835 3330 positus
865 3281 892 3320 t.
923 3280 1113 3321 urbanus
1144 3281 1212 3323 VI
1235 3283 1354 3324 9754.
1414 3280 1514 3323 Sine
1554 3279 1681 3322 dubio
1709 3279 1904 3333 femina-e
1932 3277 2117 3330 nobiles,·

394 3344 577 3396 fortasse
606 3344 723 3399 filiae
760 3345 806 3388 G.
837 3345 1018 3399 Sulpicii
1043 3347 1210 3391 Galbae
1239 3348 1422 3391 consulis
1452 3362 1491 3390 a.
1522 3351 1598 3391 22.
