2242 3672
164 250 415 289 VELLEIVS
1029 244 1113 289 395
1737 248 1977 286 VENIDIVS

247 383 404 426 editum
434 397 520 427 esse
541 386 722 439 apparet
743 398 795 427 ex
814 388 857 435 2,
880 386 978 427 127.
1000 382 1115 438 128).
1138 409 1189 415 -
1222 382 1303 426 Vix
1330 382 1399 425 hic
1429 381 1557 438 (quod
1585 382 1760 425 coniecit
1787 381 1979 438 Lipsius)

239 450 426 495 Villeius
457 452 535 509 (sic
565 452 782 504 traditur),
825 451 984 495 artifex
1027 453 1071 494 in
1111 451 1342 507 adulando,
1376 451 1566 495 Senecae
1607 450 1874 508 temporibus
1910 450 1979 493 vel

246 520 391 579 paullo
423 528 524 563 ante
554 520 714 565 Seneca
743 524 832 563 nat.
864 535 902 575 q.
933 524 960 563 4
980 521 1127 575 praef.
1158 524 1196 571 5,
1230 521 1284 574 cf.
1315 521 1439 574 infra
1467 520 1543 562 sub
1575 520 1626 563 L.
1659 519 1839 564 Vitellio.

159 591 242 634 238
276 597 316 634 C.
360 596 612 633 VELLEIVS
656 596 982 632 PATERCVLVS
1032 588 1202 644 legatus
1252 589 1365 645 Aug.
1411 588 1594 644 legionis
1643 589 1710 631 III
1755 589 1980 644 Augustae

245 659 462 702 miliarias
504 658 746 713 Africanus
790 658 913 702 VIII
936 662 1086 701 10311.
1146 659 1353 714 Leyatum
1391 659 1524 712 fuisse
1563 658 1715 700 statuit
1744 658 1980 701 Mommsen

245 728 321 784 (ad
359 727 405 782 t.)
444 731 545 782 post
589 741 747 770 annum
785 730 839 770 37
868 742 918 782 p.
955 726 1081 782 Chr„
1128 742 1209 781 quo
1250 741 1361 770 anno
1400 727 1540 770 Gaius
1576 726 1740 770 Caesar
1779 725 1980 781 leyionem

245 798 417 840 tertiam
439 795 680 851 Auyustam
701 810 793 838 cum
814 799 945 851 parte
966 797 1220 850 provinciae
1240 796 1492 851 proconsuli
1521 795 1690 846 ademit,
1720 809 1823 838 nam
1853 797 1979 837 antea

243 866 290 908 in
324 865 528 908 miliariis
566 865 796 919 Africanis
834 879 919 907 non
951 865 1101 920 leyati,
1142 865 1216 907 sed
1245 864 1515 920 proconsulis
1549 879 1699 907 nomen
1728 865 1980 918 inscriptum

248 948 334 978 csse
355 934 601 990 putandwm
623 937 683 977 est
704 933 955 987 (Renierius
976 935 1235 989 coyitaverat
1258 934 1306 977 de
1329 937 1510 989 tempore
1542 934 1766 984 anteriore,
1800 947 1892 975 cum
1925 931 1983 974 ad

245 1003 376 1059 leyati
402 1002 652 1046 vocabulum
681 1016 767 1045 non
798 1002 1007 1046 adiectum
1036 1004 1092 1045 sit
1123 1017 1208 1058 pro
1242 1002 1473 1057 praetore).
1546 1002 1626 1045 Vix
1655 1001 1913 1057 intelleyitur
1942 1002 1980 1043 is

243 1073 319 1128 qui
332 1072 563 1127 praecedit,
595 1072 670 1126 qui
680 1075 862 1127 praetor
881 1073 968 1126 fuit
986 1073 1139 1128 viyinti
1158 1072 1319 1115 duobus
1342 1073 1468 1115 annis
1489 1075 1587 1115 ante
1608 1087 1647 1117 a.
1668 1075 1735 1122 37,
1751 1073 1980 1126 praeterea

239 1145 343 1197 post
363 1144 621 1196 praeturam
652 1144 760 1184 certe
789 1155 918 1195 usque
950 1141 1008 1184 ad
1038 1156 1198 1184 annum
1225 1145 1280 1184 30
1309 1141 1427 1185 nullo
1457 1141 1613 1184 honore
1643 1142 1814 1195 functus
1844 1142 1916 1182 cst.

158 1211 243 1254 239
273 1217 316 1254 L.
347 1217 598 1253 VELLEIVS
629 1216 955 1252 PATERCVLVS
986 1210 1137 1254 consul
1169 1212 1373 1254 suffectus
1404 1227 1442 1253 a.
1468 1226 1510 1267 p.
1543 1210 1645 1254 Chr.
1671 1211 1727 1253 60
1758 1208 1858 1264 dipl.
1890 1207 1978 1250 mil.

245 1279 352 1332 (III
365 1295 414 1335 p.
436 1283 548 1337 845),
590 1294 690 1322 cum
722 1278 803 1322 Cn.
836 1279 1029 1322 Pedanio
1061 1279 1304 1323 Salinatore
1335 1279 1438 1335 dipl.
1469 1280 1580 1330 mil,
1617 1278 1824 1334 amphora
1854 1277 1980 1320 Pom-

237 1350 404 1404 peiana
445 1349 616 1392 Notizie
658 1348 771 1403 deyli
807 1349 927 1390 soavi
960 1351 1068 1392 1895
1101 1363 1148 1403 p.
1179 1351 1277 1400 213,
1320 1352 1477 1391 tessera
1513 1348 1781 1403 yladiatoria
1808 1347 1921 1390 CIL.
1954 1347 1988 1390 I

239 1433 287 1474 p.
318 1421 406 1462 201
435 1432 478 1463 n.
507 1421 587 1460 776
596 1417 624 1468 ¹²,
667 1432 814 1459 mense
855 1417 936 1460 Iul.
979 1418 1081 1472 dipl.
1114 1418 1226 1469 mil,
1264 1417 1353 1461 kal.
1385 1417 1499 1473 Aug.
1531 1421 1711 1467 tessera,
1744 1415 1902 1459 deinde
1933 1422 1981 1457 ut

242 1487 419 1530 videtur
447 1502 544 1530 cum
567 1487 757 1544 Vopisco
779 1486 968 1544 quodam
988 1486 1147 1530 Seneca
1167 1490 1255 1530 nat.
1279 1490 1434 1542 quaest.
1459 1490 1498 1538 7,
1520 1489 1592 1538 28,
1613 1490 1645 1530 2
1672 1486 1779 1542 (tria
1806 1485 1981 1528 nomina

242 1556 410 1601 exhibet
439 1555 542 1611 dipl.
573 1556 675 1607 mil„
710 1555 792 1611 [L.]
821 1555 1047 1612 Vellei[us]
1079 1556 1300 1611 amphora,
1333 1555 1589 1598 Paterculus
1619 1554 1775 1606 Senea,
1808 1555 1978 1597 Patere.

245 1625 433 1680 tessera).
492 1624 700 1668 Fortasse
729 1624 846 1680 filius
874 1623 917 1669 C.
954 1624 1102 1668 Velleii
1130 1624 1353 1667 Paterculi
1374 1625 1593 1679 praetoris
1624 1639 1664 1669 a.
1697 1626 1763 1667 15.

171 1720 228 1726 -—
273 1694 321 1739 O.
354 1694 557 1738 sedatius
589 1693 785 1738 Velleius
813 1693 990 1736 Priscus
1020 1694 1256 1738 Macrinus,

65 1775 71 1782 ·
157 1765 242 1808 240
272 1763 562 1819 VELLE(I)VS
608 1769 769 1806 RVFVS
816 1762 971 1806 consul
1016 1778 1114 1806 cum
1161 1763 1343 1806 Octavio
1390 1762 1581 1820 Scapula
1619 1762 1722 1818 Diy.
1761 1764 1829 1813 38,
1871 1765 1910 1813 4,
1941 1765 1980 1804 1.

243 1833 423 1877 Suillius
443 1833 592 1888 potius
621 1832 780 1887 Rufus,
813 1833 868 1887 cf.
899 1846 1035 1887 supra
1063 1833 1141 1876 sub
1173 1832 1226 1876 P.
1258 1833 1417 1876 Suillio
1446 1832 1566 1886 Rufo
1597 1831 1652 1888 (S
1681 1831 1791 1886 700).

158 1903 238 1946 241
274 1901 545 1957 Vellocatus,
583 1917 610 1944 a
650 1901 986 1957 Cartimandua,
1031 1903 1182 1958 regina
1214 1903 1491 1958 Brigantum,
1534 1902 1578 1943 in
1617 1901 1759 1943 locum
1792 1901 1981 1954 Venutii,

244 1971 369 2014 cuius
409 1971 600 2026 armiger
639 1970 804 2026 fuerat,
848 1971 893 2013 in
934 1972 1258 2014 matrimonium
1300 1985 1573 2031 regnumque
1614 1977 1812 2027 receptus
1857 1986 1892 2014 a.
1928 1970 1982 2012 69

251 2041 348 2084 Tae.
379 2039 420 2083 h.
450 2043 490 2091 3,
521 2042 588 2083 45.

171 2135 230 2140 -
274 2109 486 2153 Claudius
515 2109 734 2152 Venacus.

173 2204 231 2210 —
273 2185 425 2222 ACCIA
455 2185 705 2221 HEVRESIS
737 2185 1053 2221 VENANTIVM.

160 2249 244 2291 242
277 2248 483 2303 Venator,
517 2247 646 2290 Plinii
679 2248 859 2290 iunioris
890 2249 1054 2290 amicus
1088 2247 1203 2290 Plin.
1237 2262 1300 2302 ep.
1333 2251 1371 2297 9,
1403 2252 1472 2292 20.

161 2321 245 2363 243
276 2320 572 2363 Venerianus:
605 2334 654 2361 eo
677 2319 788 2361 duce
810 2318 943 2363 Gothi
966 2318 1109 2361 navali
1135 2317 1247 2361 bello
1269 2318 1473 2374 superati,
1504 2315 1770 2373 temporibus
1793 2315 1979 2360 Gallieni

244 2388 318 2431 vit.
346 2387 463 2432 Gall.
496 2391 560 2439 13,
595 2391 633 2430 7.

174 2481 232 2487 -—-
276 2456 440 2500 Paulus
472 2457 680 2500 Venetus.

161 2525 245 2568 244
275 2531 516 2568 VENIDIVS
549 2532 765 2577 QVIETVS
798 2531 971 2581 praetor
1003 2523 1229 2567 tutelarius
1262 2530 1309 2566 ut
1328 2522 1501 2566 videtur
1529 2521 1793 2579 temporibus
1816 2523 1980 2573 Severi,

247 2608 471 2636 successor
500 2593 642 2637 Aetrii
682 2593 833 2636 Severi
878 2593 920 2636 U
923 2593 1093 2648 &cianus
1134 2593 1243 2635 libro
1282 2592 1501 2634 undecimo
1542 2591 1600 2633 ad
1638 2591 1818 2634 edictum
1859 2591 1980 2646 (Diy.

247 2666 286 2713 4,
316 2665 355 2713 4,
389 2666 455 2713 11,
486 2662 548 2717 2).

161 2731 245 2774 245
277 2738 321 2783 Q.
352 2737 594 2773 VENIDIVS
626 2737 787 2773 RVFVS
818 2736 1009 2772 MARIVS
1041 2731 1311 2784 MAXIM(VS)
1343 2736 1387 2772 L.
1416 2735 1770 2771 CALVlNIANVS.
1826 2729 1982 2772 Tituli:

247 2801 295 2842 in
323 2798 561 2843 Germania
588 2800 794 2854 inferiore
822 2813 923 2854 rep„
955 2798 1204 2842 Brambach
1233 2803 1265 2841 2
1292 2799 1365 2853 (1).
1400 2802 1427 2839 7
1451 2797 1526 2851 (2).
1558 2801 1637 2840 516
1665 2797 1737 2852 (3).
1788 2797 1985 2840 Miliarii

249 2883 387 2924 prope
408 2867 610 2911 Sidonem
633 2882 721 2922 rep.
744 2868 832 2910 III
844 2870 929 2910 205
951 2866 1023 2922 (4),
1046 2882 1184 2922 prope
1205 2867 1454 2922 Palmyram
1486 2882 1572 2921 rcp.
1596 2867 1684 2909 III
1707 2866 1753 2910 S.
1775 2869 1889 2910 6723
1908 2866 1980 2922 (5).

249 2939 359 2980 6725
388 2936 460 2992 (6).
513 2936 784 2979 Memoratur
814 2936 860 2978 in
891 2936 997 2978 actis
1028 2935 1222 2978 ludorum
1251 2935 1538 2978 saecularium
1569 2935 1893 2979 Severianorum
1924 2935 1981 2989 fr.

250 3005 311 3048 II
332 3018 369 3047 v.
397 3008 451 3047 10
480 3005 533 3059 cf.
554 3005 611 3059 fr.
640 3004 763 3047 VIII
767 3019 795 3046 a
814 3018 851 3048 v.
868 3008 906 3059 1,
939 3003 1051 3059 Eph.
1078 3019 1140 3058 ep.
1162 3007 1192 3048 8
1211 3019 1259 3059 p.
1279 3006 1383 3047 282.
1413 3007 1510 3048 290.
1562 3004 1617 3057 Q.
1634 3004 1847 3046 Venidius
1879 3003 1980 3048 Ruf.

250 3073 454 3127 Mariu[s]
502 3073 683 3118 Maxim.
733 3074 784 3116 L.
830 3072 1152 3127 Calvinianu[s]
1203 3074 1250 3115 in
1299 3076 1326 3115 t.
1363 3077 1391 3116 3
1437 3072 1536 3128 leyit
1573 3073 1844 3124 Brambach,
1886 3087 1982 3116 eon-

247 3143 516 3198 firmavitquc
538 3142 867 3197 Zanyemeister,
898 3142 984 3185 nisi
1003 3141 1114 3195 quod
1137 3148 1180 3186 L.
1204 3141 1385 3184 alterum
1403 3156 1665 3197 praenomen
1685 3156 1771 3185 non
1790 3143 1982 3197 aynovit5

253 3211 306 3265 Q.
328 3210 542 3254 Venidius
564 3211 704 3254 Rufus
726 3214 755 3253 t.
773 3215 812 3266 4,
845 3211 898 3265 Q.
930 3211 1144 3254 Venidius
1174 3211 1268 3254 Ruf
1279 3244 1289 3254 .
1307 3245 1316 3254 .
1336 3245 1346 3254 .
1378 3215 1405 3254 t.
1426 3215 1470 3262 2,
1503 3244 1513 3254 .
1531 3244 1542 3254 .
1573 3211 1824 3265 [VJenidius
1855 3213 1924 3255 Ru
1941 3244 1952 3254 .
1971 3244 1980 3254 .

252 3283 281 3323 t.
311 3284 358 3330 1,
401 3279 615 3322 Venidius
646 3280 785 3323 Rufus
829 3283 910 3323 act.
940 3293 1069 3330 saec.,
1111 3279 1214 3336 Diy.
1245 3283 1313 3334 50,
1346 3284 1384 3331 6,
1417 3284 1469 3332 3,·
1507 3280 1641 3323 Venti
1672 3313 1683 3323 .
1701 3280 1810 3323 ‚fius
1843 3279 1981 3322 Rufus

252 3348 403 3392 lectwm
432 3351 492 3392 est
522 3351 550 3393 t.
571 3350 611 3400 5,
643 3347 875 3391 Ventidius
906 3349 1058 3405 Rupus
1090 3351 1117 3392 t.
1145 3351 1183 3392 6.
