2242 3672
327 284 591 320 VITELLIVS
1183 274 1269 317 454
1783 273 1786 277 ’
1992 281 2130 319 VITIA

412 414 624 457 Fundana
649 412 761 454 filius
786 412 901 456 Suet.
934 411 1013 455 Vit.
1036 415 1074 462 6,
1096 411 1329 454 titubantia
1349 411 1436 453 oris
1457 425 1596 467 prope
1616 416 1760 454 mutus
1781 418 1824 454 et
1843 411 2028 468 elinguis
2056 413 2128 470 ib„

412 482 614 540 parvolus
635 498 673 524 a.
691 482 744 523 69
767 481 866 523 Ταῦ.
890 480 929 524 h.
953 483 996 530 2,
1017 482 1085 522 59.
1105 483 1144 530 3,
1169 483 1234 522 67.
1269 480 1432 522 Romae
1462 493 1488 520 a
1515 486 1640 536 patre
1670 479 1858 536 relictus,
1891 481 1999 524 nihil
2027 481 2130 524 mali

415 566 641 608 perpessus
672 557 737 592 est
767 549 846 591 sub
867 547 1038 591 Othone
1065 548 1165 592 Ταῦ.
1189 548 1229 590 h.
1251 552 1290 599 1,
1314 550 1379 590 75.
1410 551 1454 599 2,
1475 551 1542 593 47.
1563 551 1630 599 48,
1661 548 1780 594 Pbut.
1805 549 1898 593 Oth.
1921 553 1986 593 16.
2026 550 2132 593 Post

409 620 633 662 victoriam
671 617 1025 672 Vitellianorum,
1079 616 1346 672 Lugdunum
1397 617 1562 659 accitus
1605 617 1893 662 Germanicus
1937 633 1964 660 a
2006 625 2130 675 patre

410 687 650 745 appellatur
673 687 940 741 ‘cunctisque
971 685 1171 727 fortunae
1200 683 1452 741 principalis
1482 684 1741 740 insignibus‘
1766 693 1944 729 ornatur
1965 687 2065 730 Ταῦ.
2087 685 2127 731 h.

408 760 451 808 2,
467 759 534 799 59.
569 757 717 810 Imago
739 755 830 796 eius
853 760 895 796 et
914 754 1072 796 sororis
1093 755 1139 795 in
1160 754 1344 796 nummis
1362 753 1644 808 (adscriptum
1662 753 1788 797 liberi
1803 756 1905 812 imp.
1923 756 2127 800 German.

407 825 470 868 vel
489 826 589 881 imp.
612 823 815 867 German.
838 822 972 877 Aug.)
993 821 1155 864 Eekhel
1182 825 1219 877 6,
1242 823 1334 872 315,
1364 821 1506 864 Cohen
1527 821 1588 864 ed.
1610 825 1642 865 2
1672 825 1698 864 t.
1718 826 1744 865 1
1770 837 1813 877 p.
1834 826 1927 866 366.
1966 823 2129 866 Memo-

409 900 530 936 ratur
552 893 649 935 Tae.
671 892 710 934 h.
731 895 771 942 3,
794 894 857 935 66.
881 894 946 934 67.
987 890 1040 932 A.
1065 891 1119 932 70
1140 890 1391 932 interfectus
1414 891 1534 932 iussu
1554 890 1748 933 Muciani
1767 892 1825 934 ib.
1845 895 1884 943 4,
1905 894 1986 944 80;
2014 891 2128 938 Suet.

409 962 488 1004 Vit.
510 964 566 1004 18
596 960 866 1016 (interfectus
898 974 985 1001 una
1015 972 1113 1001 cum
1142 966 1297 1016 patruo
1324 958 1414 1001 Dio
1442 961 1506 1014 65,
1533 959 1629 1014 22).

323 1031 404 1073 508
440 1029 637 1072 Vitellius
667 1021 940 1083 Honoratum
982 1026 1112 1081 Afer,
1144 1027 1285 1069 dictus
1315 1042 1341 1069 a
1371 1027 1511 1070 Mario
1542 1027 1692 1070 Prisco
1722 1028 1980 1085 proconsule
2010 1030 2129 1074 inno-

407 1099 595 1140 centium
626 1112 785 1154 poenas
817 1097 983 1151 emisse,
1006 1102 1145 1138 morte
1166 1102 1410 1152 opportuna
1429 1097 1665 1151 cognitioni
1686 1103 1861 1140 senatus
1882 1097 2129 1142 subtractus

406 1167 521 1211 Plin.
543 1181 605 1221 ep.
627 1169 671 1217 2,
693 1169 759 1217 11,
780 1168 820 1209 8.
843 1168 882 1208 9.

321 1237 403 1279 509
434 1235 736 1291 (VITELLIVS)
768 1239 1119 1275 PETRONIANVS
1159 1233 1212 1278 A.
1244 1233 1410 1276 Vitellii
1451 1233 1507 1289 (n.
1538 1233 1635 1289 499)
1673 1248 1729 1276 ex
1758 1234 1964 1278 Petronia
1997 1234 2126 1291 filius,

405 1304 538 1347 altero
566 1302 688 1346 oculo
711 1310 875 1359 captus,
903 1317 929 1343 a
950 1309 1073 1358 patre
1090 1308 1139 1343 ut
1163 1301 1420 1344 credebatur
1439 1316 1608 1344 veneno
1634 1291 1828 1346 sublatus
1847 1303 1963 1349 Suet.
1985 1303 2064 1347 Vit.
2087 1307 2127 1348 6.

319 1375 402 1416 510
432 1372 632 1415 Vitellius
673 1370 885 1414 Proculus
925 1370 1127 1428 (Πρόκλου
1171 1371 1405 1415 Οὐιτελλίου
1446 1370 1510 1413 vel
1546 1371 1753 1415 Οὐιτελίου
1794 1373 1942 1427 optimi
1975 1372 2126 1429 codd),

406 1443 600 1484 centurio
632 1442 675 1482 in
707 1441 902 1482 exercitu
934 1440 1128 1497 Syriaco,
1161 1439 1304 1495 legato
1334 1441 1384 1483 P.
1416 1440 1620 1483 Petronio
1641 1440 1807 1495 Ioseph.
1831 1444 1918 1486 amb.
1939 1444 2006 1494 19,
2027 1445 2066 1494 6,
2085 1444 2125 1486 3.

319 1512 398 1554 511
433 1510 634 1554 Vitellius
667 1510 947 1564 Saturninus,
986 1508 1234 1565 praefectus
1263 1508 1468 1563 legionis,
1501 1524 1541 1551 a.
1572 1509 1627 1551 69
1658 1508 1845 1552 tumultu
1873 1509 2051 1553 militari
2080 1510 2126 1553 in

403 1579 510 1621 urbe
532 1584 681 1620 exorto
702 1577 958 1620 vulneratus
984 1578 1083 1620 Ταῦ.
1104 1577 1144 1620 h.
1166 1580 1205 1629 1,
1227 1579 1297 1621 82.
1344 1577 1549 1620 Fortasse
1571 1580 1702 1632 pater
1721 1578 1809 1620 eius
1828 1578 1905 1632 qui
1925 1579 2125 1634 sequitur.

319 1650 402 1691 512
432 1655 474 1690 P.
504 1653 770 1690 VITELLIVS
804 1652 1119 1689 SATVRNINVS
1151 1645 1286 1689 frater
1315 1645 1490 1688 Arvalis
1521 1661 1559 1690 a.
1584 1647 1664 1689 122
1694 1649 1776 1689 act.
1801 1645 1908 1690 ΑΜ).

331 1742 388 1747 -
431 1723 482 1760 M.
514 1716 764 1771 FL(AV1VS)
795 1707 1063 1758 VITELLIVS
1095 1720 1363 1759 SELEVCVS.

319 1786 401 1828 513
429 1791 669 1828 VITELLIA
709 1799 858 1826 socrus
889 1784 938 1828 P.
970 1784 1165 1826 Petronii
1204 1782 1413 1839 (consulis
1443 1783 1539 1826 suff.
1572 1799 1609 1826 a.
1641 1798 1682 1840 p.
1714 1782 1817 1829 Chr.
1849 1784 1920 1840 19)
1949 1783 2051 1828 Ταῦ.
2082 1799 2123 1828 α.

401 1857 440 1905 3,
470 1857 523 1897 49
555 1853 705 1909 (mater
733 1853 781 1894 ni
808 1852 942 1906 fallor
962 1852 1179 1903 Plautiae,
1213 1852 1282 1895 VI
1294 1851 1431 1906 6866).
1487 1851 1632 1894 Potest
1657 1852 1789 1906 fnisse
1816 1862 1940 1896 soror
1969 1852 2128 1897 Vitellii

401 1922 699 1977 procuratoris
728 1921 915 1976 Augusti
943 1921 1094 1975 (snpra
1121 1935 1164 1963 n.
1184 1920 1297 1975 503).

319 1992 402 2034 514
432 1991 720 2045 (VITELLIA),
768 1989 820 2031 A.
869 1989 1036 2032 Vitellii
1082 2004 1137 2031 ex
1181 1988 1359 2033 Galeria
1403 1988 1619 2038 Fundana
1661 1988 1751 2031 filia
1795 1989 1914 2033 Suet.
1959 1989 2040 2034 Vit.
2085 1993 2125 2036 6.

401 2059 764 2114 Repraesentatur
794 2072 886 2100 earn
914 2059 1053 2112 fratre
1082 2059 1129 2100 in
1158 2058 1341 2100 nummis
1365 2058 1535 2112 patris,
1567 2057 1622 2111 ef.
1652 2058 1729 2100 sub
1759 2058 1900 2112 fratre
1925 2059 1984 2115 (n.
2013 2058 2126 2114 507).

400 2128 454 2172 A.
496 2129 549 2170 69
596 2128 634 2168 ei
679 2128 858 2169 maritus
906 2127 1033 2169 datus
1078 2127 1149 2169 vel
1192 2128 1334 2183 potius
1380 2126 1620 2169 destinatus
1661 2126 1862 2169 Valerius
1905 2126 2125 2170 Asiaticus

401 2198 549 2253 (snpra
589 2210 630 2237 n.
662 2195 736 2251 26)
781 2196 879 2237 Tae.
910 2195 951 2238 h.
984 2199 1023 2246 1,
1054 2198 1120 2239 59.
1188 2196 1297 2237 Eam
1337 2196 1476 2252 ipsam
1517 2200 1564 2237 ut
1593 2194 1767 2237 videtur
1796 2194 1960 2238 Vitellii
1990 2194 2125 2238 filiam

401 2265 695 2321 Vespasianus
725 2263 891 2306 dotavit
922 2270 964 2306 et
991 2264 1213 2306 maritavit
1242 2263 1357 2307 Suet.
1390 2262 1508 2317 Vesp.
1537 2266 1603 2305 14.

329 2358 386 2363 —-
429 2339 654 2374 ANTONIA
684 2339 937 2374 VITELLIA.

317 2403 398 2444 515
429 2408 669 2442 VITELLIA
709 2408 929 2443 RVFILLA
971 2401 1018 2446 C.
1062 2402 1113 2457 f.,
1157 2401 1206 2445 C.
1244 2401 1365 2444 Salvi
1404 2400 1621 2444 Liberalis
1659 2400 1789 2442 Nonii
1833 2400 1958 2442 Bassi
1998 2415 2122 2456 uxor,

403 2469 451 2512 O.
485 2469 618 2513 Salvii
640 2469 862 2523 Vitelliani
893 2478 1052 2525 mater3
1085 2469 1303 2512 flaminica
1329 2469 1489 2512 Salutis
1516 2468 1794 2512 Urbisalviae
1823 2468 1904 2511 IX
1918 2471 2037 2514 5534.

329 2563 386 2568 —-
432 2538 683 2593 [F]L(AviA)
714 2545 957 2580 VITELLIA
989 2539 1352 2594 SEL[E]VOIANA.

316 2608 398 2649 516
430 2613 760 2649 L.V1TENN1VS
778 2614 982 2650 lvaNIS
995 2608 1239 2663 (Οὐιτεννιου
1253 2606 1462 2665 Ἰουβενιου
1478 2607 1525 2648 in
1541 2609 1570 2648 t.
1581 2609 1613 2650 2
1629 2605 1730 2661 leqit
1744 2604 2121 2657 Domaszewskius‚

401 2676 448 2717 A.
480 2675 666 2718 Οὐεττιου
712 2674 880 2733 Ἰου-βενς
921 2676 1077 2718 dieitur
1116 2676 1265 2718 leetnm
1305 2690 1390 2719 esse
1429 2676 1475 2718 in
1515 2678 1543 2717 t.
1574 2676 1631 2730 1),
1674 2674 1841 2729 legatus
1879 2673 2124 2728 (ὑπατεύων)

401 2744 649 2799 provinciae
675 2743 887 2786 Thraciae
918 2745 1083 2799 (nomen
1103 2745 1353 2799 provinciae
1382 2747 1444 2786 est
1471 2744 1517 2785 in
1546 2746 1575 2785 t.
1597 2741 1640 2798 1)
1672 2741 1839 2784 saeculo
1873 2747 1921 2784 ut
1948 2741 2125 2784 videtur

402 2812 527 2852 tertio
564 2810 664 2864 (sub
700 2812 957 2867 imperatore
997 2812 1143 2869 aliquo
1179 2812 1406 2854 damnatae
1444 2811 1697 2865 memoriae)
1735 2813 1762 2852 t.
1786 2823 1925 2864 prope
1953 2809 2122 2864 Philip-

398 2879 589 2933 popolim
616 2893 702 2933 rep.
727 2894 795 2933 ap.
817 2879 1008 2922 Damont
1035 2881 1307 2935 inscriptions
1329 2880 1378 2922 de
1408 2880 1453 2922 la
1478 2879 1642 2922 Thrace
1670 2892 1711 2921 n.
1733 2881 1787 2920 60
1815 2877 1895 2933 [=
1912 2877 2125 2933 melanyes

403 2947 561 2989 d'areh.
591 2962 639 3002 p.
670 2948 771 3003 345]
802 2949 884 3003 (1),·
925 2952 953 2990 t.
994 2948 1235 2991 Polikraste
1266 2962 1404 3003 prope
1449 2949 1676 2991 Tirnovam
1711 2949 1880 2997 mans,
1913 2946 2027 2991 arch.
2059 2960 2122 3002 ep.

403 3015 549 3057 Mitth.
582 3020 650 3066 10,
683 3019 790 3058 1886
812 3031 859 3070 p.
882 3020 967 3059 243
993 3031 1034 3060 n.
1057 3020 1110 3058 10
1144 3016 1207 3071 (2)
1240 3015 1330 3071 (qni
1359 3020 1410 3068 t.,
1452 3017 1571 3058 intra
1604 3016 1710 3070 fines
1739 3015 1933 3058 Moesiae
1961 3017 2122 3067 extans,

398 3085 577 3137 fortasse
615 3098 665 3125 ex
695 3084 884 3126 ,Thracia
914 3099 960 3127 eo
990 3085 1159 3127 adlatus
1190 3088 1271 3136 est,
1309 3088 1357 3127 ut
1396 3088 1531 3127 censet
1559 3083 1802 3126 Homollins
1832 3097 1902 3138 ap.
1932 3082 2124 3126 Dwmont

399 3151 578 3206 melany.
613 3167 661 3207 p.
691 3155 771 3195 365
778 3166 791 3204 ;
822 3167 922 3195 nain
951 3153 1149 3196 Invenem
1179 3157 1219 3196 et
1250 3153 1461 3197 Thraciae
1491 3156 1530 3195 et
1561 3152 1753 3195 Moesiae
1783 3151 1965 3206 leyatnm
1993 3151 2124 3206 fuisse
2212 3141 2230 3198 f*

398 3234 557 3273 parum
578 3220 805 3274 probabile
836 3221 924 3274 est).

316 3288 395 3328 517
428 3294 565 3329 VITIA
605 3289 769 3343 (nornen
806 3289 917 3331 redit
954 3289 1210 3344 7129095),
1253 3296 1391 3332 mater
1431 3289 1518 3344 (G.)
1550 3288 1665 3331 Fufii
1697 3287 1873 3331 Gemini
1913 3286 2121 3342 (consulis

401 3370 437 3398 a.
463 3356 546 3410 29),
581 3358 721 3398 occisa
749 3373 785 3400 a.
812 3360 878 3411 32,
911 3358 1027 3413 quod
1057 3357 1134 3399 filii
1166 3373 1316 3399 necem
1345 3358 1536 3400 flevisset
1572 3358 1670 3402 Ταῦ.
1702 3371 1742 3402 α.
1776 3360 1814 3407 6,
1846 3359 1912 3398 10.
