2242 3672
169 241 361 279 PAETVS
867 293 871 300 Ι
1074 241 1098 283 7
1801 253 1993 290 PALLAS

169 375 221 417 41
256 375 417 417 Paetus
447 374 614 418 delator
643 391 682 420 a.
704 378 759 419 55
785 377 883 420 Tac.
905 392 945 420 a.
968 382 1034 429 13,
1055 382 1127 422 23.
1938 432 1942 436 .

168 443 224 486 42
256 477 265 486 .
285 477 294 486 .
314 476 323 486 .
342 451 421 486 IVS
444 451 636 487 PAETVS
659 445 810 488 consul
833 447 1039 490 suffectus
1057 463 1091 490 e.
1109 462 1149 490 a.
1167 451 1248 491 175
1268 463 1332 504 pr.
1351 449 1461 491 Non.
1481 450 1575 492 Iun.
1598 465 1697 492 cum
1718 450 1994 508 [MumPJmio

257 513 441 556 Sisenna
471 516 499 555 t.
533 513 705 556 Velitris
733 529 822 568 rep.
844 515 893 557 X
910 519 1030 559 6587.
1083 517 1288 560 Fortasse
1311 517 1515 561 Valerius
1538 519 1697 562 Paetus
1726 521 1866 563 nescio
1888 523 1993 576 quis.

169 583 224 624 43
256 583 417 624 Paetus
438 581 701 624 Valerianus
726 582 885 626 Galata
914 584 969 628 ab
991 585 1230 641 Elagabalo
1262 587 1514 630 interfectus
1543 604 1582 631 a.
1606 589 1690 631 219
1706 587 1796 631 Dio
1813 593 1879 640 79,
1896 594 1936 642 4,
1957 595 1993 633 7.

168 676 226 681 --
255 657 591 693 ARTICVLEIVS
623 658 830 696 PAETVS.

166 745 225 750 —
255 727 299 771 Q.
330 725 668 762 ARTIOVLEIVS
698 726 907 766 PAETVS.

166 813 224 818 --
253 795 300 830 L.
329 794 616 831 AVTRONIVS
647 795 856 832 PAETVS.

165 881 223 888 -—
254 863 474 899 CAECINA
505 863 712 900 PAETVS.

165 951 223 956 --
254 932 296 968 C.
325 931 546 967 CAECINA
576 933 784 970 PAETVS.

164 1020 222 1024 —
253 1001 569 1038 CAESENNIVS
600 1002 808 1039 PAETVS.

164 1088 222 1093 ——-
252 1070 296 1105 L.
329 1070 646 1107 CAESENNIVS
679 1072 885 1108 PAETVS.

162 1157 222 1164 -—
252 1139 293 1174 Ρ.
327 1139 539 1175 CLODIVS
571 1140 805 1176 THRASEA
837 1140 1044 1177 PAETVS.

165 1226 221 1231 -
253 1207 331 1244 ΟΝ.
362 1201 655 1258 LABE[RIVS]
687 1209 894 1245 PAETVS.

163 1295 223 1300 —
252 1269 303 1313 T.
335 1269 580 1313 Prifernius
611 1271 771 1313 Paetus
802 1271 1035 1313 Memmius
1068 1271 1348 1328 Apollinaris.

164 1364 222 1369 ——
252 1345 296 1382 Τ.
328 1343 632 1381 PRIFERNIVS
665 1346 858 1382 PAETVS
889 1346 1137 1383 ROSIANVS
1170 1348 1411 1384 GEMINVS.

163 1433 221 1438 —
252 1407 455 1450 Valerius
485 1408 662 1451 Paetus.

162 1502 220 1507 -
251 1484 295 1519 L.
326 1483 581 1519 VALERIVS
614 1483 821 1531 PAETVS.

165 1571 222 1578 —
251 1553 305 1588 M.
336 1552 589 1588 VALERIVS
622 1552 815 1588 PAETvs
846 1545 1053 1603 AQv1[LA
1085 1547 1160 1589 vel.
1193 1546 1396 1604 -LINVS].

163 1616 220 1658 44
251 1615 422 1658 Paezon
457 1614 592 1671 spado
626 1615 774 1658 Seiani
796 1615 917 1658 Plin.
937 1608 980 1658 n.
1003 1615 1043 1657 h.
1075 1618 1112 1667 7,
1134 1619 1234 1659 129.

169 1711 220 1716 —-
255 1683 308 1737 Q.
342 1684 565 1726 Remmius
597 1683 844 1727 Palaemon.

165 1778 223 1784 —
253 1752 432 1796 salonia
461 1752 713 1796 Palestrice.

164 1823 219 1865 45
251 1821 495 1865 Palfuerius
521 1821 644 1876 latro,
668 1823 713 1864 in
738 1822 910 1865 Isauria
927 1838 953 1864 a
970 1822 1112 1865 Probo
1131 1830 1283 1879 captus
1305 1830 1348 1866 et
1369 1823 1623 1866 interfectus
1644 1824 1716 1866 vit.
1730 1823 1868 1866 Probi
1877 1827 1943 1874 16,
1954 1827 1994 1865 4.

163 1892 219 1934 46
250 1898 302 1933 Μ.
322 1897 600 1933 PALFVRIVS
620 1897 750 1933 SVRA
768 1889 1045 1946 (praenomen
1060 1893 1242 1934 servavit
1257 1893 1467 1946 amphora
1483 1890 1730 1947 Teryestina
1748 1892 1916 1942 178112,
1929 1896 1994 1943 64,

247 1959 453 2014 siquidem
473 1959 657 2002 eiusdem
678 1963 755 2016 est)
788 1959 1028 2002 consularis
1055 1959 1172 2002 filius
1194 1961 1275 2004 sub
1296 1961 1470 2003 Nerone
1491 1961 1680 2003 luctatus
1703 1975 1802 2003 eum
1823 1961 1995 2015 virgine

248 2028 595 2072 Lacedaemonia
619 2029 664 2070 in
692 2043 844 2084 agone,
876 2028 978 2071 inde
1009 2045 1035 2071 a
1056 2029 1328 2086 Vespasiano
1350 2036 1503 2072 senatu
1532 2037 1675 2072 motus
1707 2029 1909 2072 transivit
1938 2028 1994 2070 ad

250 2099 432 2140 stoicam
454 2104 627 2152 sectam,
661 2098 706 2140 in
727 2113 816 2154 qua
836 2112 937 2139 cum
958 2097 1231 2154 praevaleret
1252 2105 1294 2140 et
1315 2097 1563 2155 eloquentia
1590 2105 1633 2141 et
1662 2099 1769 2141 artis
1800 2098 1995 2154 poeticae

249 2166 411 2222 gloria,
450 2165 613 2209 abusus
654 2166 952 2209 familiaritate
982 2167 1224 2209 Domitiani
1259 2167 1540 2209 acerbissime
1579 2174 1724 2224 partes
1764 2165 1992 2209 delationis

247 2236 444 2278 exercuit
472 2235 600 2278 schol.
623 2235 715 2278 Iuv.
736 2239 776 2286 4,
798 2239 864 2279 53.
910 2235 1189 2278 Domitianus
1219 2243 1398 2291 rogatus
1429 2243 1507 2291 est,
1540 2243 1589 2278 ut
1619 2250 1715 2278 eum
1747 2236 1995 2277 restitueret

248 2304 422 2362 pulsum
453 2303 554 2346 olim
586 2311 739 2346 senatu
770 2319 821 2346 ac
851 2311 956 2347 tunc
988 2303 1042 2346 de
1069 2304 1314 2347 oratoribus
1344 2311 1598 2347 coronatum
1630 2304 1746 2347 Suet.
1777 2303 1904 2347 Dom.
1926 2306 1991 2348 13.

169 2368 171 2371 ’
247 2374 499 2416 Domitiano
531 2372 758 2415 interfecto
789 2372 1018 2415 damnatus
1048 2373 1175 2415 schol.
1208 2373 1301 2415 Iuv.
1326 2374 1355 2416 l.
1377 2388 1411 2416 e.

163 2443 216 2484 47
249 2441 472 2484 Palfurius
506 2441 619 2485 Sura
647 2441 948 2498 ephemeridas
980 2440 1168 2485 Gallieni
1196 2443 1314 2484 vitae
1345 2442 1590 2499 composuit
1618 2442 1691 2484 vit.
1720 2440 1838 2484 Gall.
1860 2445 1926 2492 18,
1950 2446 1989 2483 6.

161 2536 218 2541 ——
247 2517 460 2553 LOLLIVS
491 2517 790 2553 PALIKANVS.

161 2605 219 2610 —
249 2587 412 2622 PALLA
442 2593 479 2622 v.
510 2585 687 2622 POLLA.

162 2649 216 2691 48
248 2648 471 2691 Palladius
503 2649 706 2705 δικολόγος
736 2648 1048 2706 Ἑρμοπολείτης
1080 2652 1107 2690 t.
1147 2649 1275 2691 Theb.
1298 2649 1404 2703 Aey.
1433 2648 1550 2691 GIG
1570 2651 1694 2690 4808.

161 2743 218 2748 —
250 2717 474 2760 Palladius
504 2732 541 2761 v.
578 2718 625 2761 P.
658 2717 812 2760 Aelius
842 2717 1100 2774 Dionysius.

162 2787 216 2829 49
250 2786 413 2841 Pallas,
460 2787 679 2829 Antoniae
722 2786 951 2841 Augustae
991 2801 1163 2841 servus,
1213 2786 1442 2843 epistulam
1483 2786 1685 2828 dominae
1722 2784 1777 2827 de
1820 2783 1990 2826 insidiis

250 2855 397 2898 Seiani
427 2855 605 2898 Tiberio
637 2855 771 2898 tradit
801 2856 857 2909 (a.
881 2855 954 2909 31)
986 2855 1071 2897 Ios.
1095 2858 1182 2897 ant.
1204 2858 1271 2905 18,
1295 2859 1333 2905 6,
1357 2860 1395 2897 6.
1456 2854 1631 2898 Claudii
1662 2853 1844 2896 libertus
1872 2853 1989 2896 Suet.

247 2924 403 2967 Claud.
435 2927 519 2975 2&
550 2924 668 2967 Plin.
700 2927 741 2975 8,
773 2927 811 2975 6,
843 2927 924 2974 12;
966 2924 1068 2966 Vict.
1097 2939 1158 2978 ep.
1180 2928 1220 2975 4,
1243 2928 1291 2975 9;
1322 2924 1485 2966 Iulian.
1515 2923 1635 2966 Caes.
1659 2938 1708 2978 p.
1736 2926 1818 2964 310
1833 2921 1887 2972 B,
1920 2921 1993 2964 secl

248 2993 531 3035 manwm'ssus
559 2993 725 3035 videtur
755 3006 841 3035 esse
872 2993 925 3035 ab
949 2993 1156 3044 Antonia,
1186 2994 1226 3035 si
1253 2993 1420 3047 quidem
1451 2993 1504 3035 ab
1527 3007 1574 3035 eo
1593 3006 1743 3034 nomen
1769 2993 1991 3033 traxerunt

249 3061 315 3103 M.
338 3061 552 3103 Antonius
573 3061 726 3104 Pallas
746 3061 890 3104 consul
912 3076 951 3103 a.
974 3065 1055 3104 167
1076 3076 1126 3104 ea:
1138 3063 1325 3116 posteris
1347 3065 1454 3116 puto
1477 3062 1578 3111 eius,
1600 3061 1698 3102 item
1721 3060 1786 3102 M.
1811 3059 1992 3101 Antonii

249 3130 466 3172 Pallantis
494 3130 639 3172 liberti
666 3129 735 3173 VI
750 3133 897 3181 11965,
929 3130 1009 3173 XI
1016 3130 1056 3172 V
1068 3133 1182 3173 2833
1212 3129 1306 3183 (aut
1344 3131 1481 3185 ipsius
1521 3130 1665 3172 liberti
1703 3131 1778 3170 aut
1808 3127 1991 3170 commis

250 3213 289 3240 a.
312 3202 396 3241 167
422 3199 477 3252 ef.
509 3198 720 3254 Boryhesi
747 3202 776 3241 8
802 3214 850 3253 p.
873 3202 986 3255 309).
1049 3199 1204 3242 Frater
1234 3199 1415 3242 Antonii
1447 3198 1607 3241 Felicis
1634 3198 1732 3240 Tae.
1766 3211 1805 3239 a.
1831 3200 1900 3247 12,
1921 3199 1987 3238 54.

249 3267 434 3310 Claudio
465 3283 491 3310 a
522 3267 762 3310 rationibus
795 3268 910 3311 Suet.
940 3267 1097 3310 Claud.
1121 3271 1202 3319 2&
1233 3268 1353 3310 Plin.
1387 3282 1448 3322 ep.
1470 3270 1510 3318 8,
1535 3271 1574 3318 6,
1599 3270 1646 3318 7,·
1678 3266 1837 3309 Zonar.
1861 3268 1926 3314 11,
1949 3267 1987 3306 9.

251 3336 528 3379 Messalinam
555 3351 703 3379 amore
724 3336 773 3380 C.
798 3336 895 3380 Silii
928 3335 1145 3393 depellere
1175 3336 1332 3391 studet,
1365 3335 1440 3379 sed
1472 3351 1550 3393 per
1580 3335 1800 3391 ignaviam
1821 3333 1990 3376 desistit
