2242 3672
159 234 421 271 SERVILIVS
938 245 946 251 ‘
1032 230 1115 273 227
1713 237 1976 274 SERVILIVS

242 365 343 409 XV
361 370 482 418 4571,
515 370 542 412 t.
563 367 820 423 Pompeiani
846 369 895 411 X
910 371 996 412 892
1025 372 1065 412 et
1093 369 1183 424 eph.
1204 373 1242 420 8,
1266 373 1360 421 316,
1393 369 1605 413 Servilius
1633 369 1977 425 chronoyraphus

244 449 284 478 a.
304 437 408 487 354;
435 435 647 479 Servilius
677 438 933 481 Nonnianus
960 439 1038 491 (sic
1059 439 1169 482 alter
1189 453 1240 482 cx
1265 439 1490 490 codicibuS,
1521 439 1568 482 in
1589 439 1725 482 altero
1745 439 1832 494 fuit
1855 440 1976 482 Mon-

244 506 414 557 manus)
441 505 550 558 fasti
570 505 745 560 Hydat„
779 507 966 564 Σερόλιος
994 508 1058 551 vel
1079 509 1356 566 Σερουϊούλιος
1377 507 1556 566 Νόμμιος
1574 509 1850 564 Ιῇοίρῖιαηὶαε
1880 508 1973 550 adv.

244 573 362 616 haer.
383 577 427 625 2,
442 576 496 616 51
524 577 552 616 t.
569 574 631 616 II
636 589 683 629 p.
699 578 784 617 487
810 576 863 629 cf.
895 577 985 619 III
995 592 1043 631 p.
1068 581 1146 620 730
1176 577 1238 620 ecl.
1267 577 1471 632 Dindorf.

330 642 391 685 M.
410 641 470 685 fil.
490 642 580 685 Dio
600 643 687 686 ind.
712 643 737 687 l.
759 647 824 686 55.
871 644 1003 687 Pater
1020 645 1186 688 videtur
1213 647 1348 701 fuisse
1378 648 1467 689 eius
1496 647 1570 701 qui
1598 648 1786 701 sequitur
1794 661 1808 699 ;
1840 646 1977 690 Nonii

244 713 377 768 iyitur
404 713 614 755 senatoris
644 713 698 755 ab
729 712 921 756 Antonio
952 716 1192 770 proscripti
1231 719 1306 758 aut
1341 730 1481 771 yener,
1524 719 1599 758 aut
1633 716 1673 758 si
1705 729 1798 758 vere
1826 715 1976 758 habuit
2031 733 2033 735 >

244 796 469 837 coynonien
502 781 710 832 Noniani,
752 782 883 837 filius,
926 783 1155 838 adoptatus
1185 799 1213 827 a
1244 785 1310 827 M.
1342 785 1522 828 Servilio
1551 785 1746 839 quodam.
1805 784 1974 827 Nobilis

247 852 345 895 Tac.
378 866 418 897 a.
449 855 492 902 2,
524 853 594 894 48.
655 850 818 894 Consul
858 853 950 896 ord.
982 869 1020 897 a.
1053 869 1093 910 p.
1127 853 1228 897 Chr.
1261 855 1287 897 3
1319 869 1417 896 oum
1446 855 1498 897 L.
1529 853 1654 896 Aelio
1685 854 1839 896 Lamia
1868 854 1976 908 fasti

244 920 502 976 (consularis
533 920 633 963 Tae.
666 935 706 963 a.
736 923 774 972 3,
804 922 899 976 22).
960 921 1001 965 A
1032 923 1259 965 Pantuleio
1291 923 1426 966 divite
1457 924 1600 980 equite
1623 924 1817 966 Romano
1849 922 1974 965 heres

240 991 463 1033 institutus
494 991 639 1047 priore
668 996 948 1045 testament03
991 992 1108 1048 quod
1139 1007 1237 1034 oum
1268 994 1438 1036 irritum
1468 993 1633 1035 factum
1664 998 1797 1046 esset,
1840 991 1973 1034 nihilo

244 1061 388 1102 minus
420 1059 638 1102 hereditas
670 1059 726 1101 ad
758 1074 857 1102 eum
887 1060 1032 1103 delata
1064 1076 1119 1103 ex
1146 1061 1410 1104 liberalitate
1440 1062 1618 1115 Tiberii,
1651 1077 1688 1104 a.
1723 1062 1774 1104 17
1812 1061 1910 1106 Tac.
1933 1076 1973 1105 a.

241 1132 284 1180 2,
314 1131 379 1172 48.
444 1129 499 1174 A.
530 1130 586 1172 20
617 1130 909 1172 testimonium
937 1129 1044 1172 dicit
1079 1133 1123 1173 in
1154 1130 1387 1173 Aemiliam
1416 1130 1629 1187 Lepidam
1658 1131 1715 1173 ib.
1746 1134 1785 1182 3,
1812 1134 1887 1175 22.
1921 1155 1971 1161 —

241 1198 458 1242 Incertum
487 1212 587 1241 num
617 1197 685 1240 hic
706 1197 920 1241 Servilius
944 1199 1107 1254 consul,
1141 1201 1213 1256 qui
1245 1200 1361 1242 vixit
1390 1200 1515 1242 annis
1546 1201 1794 1254 nonaginta,
1827 1198 1972 1256 paullo

241 1274 342 1310 ante
362 1267 541 1310 Asconii
564 1266 745 1310 Pediani
768 1274 952 1310 aetatem
975 1268 1092 1324 (narn
1119 1269 1244 1311 huius
1273 1268 1438 1311 videtur
1463 1282 1548 1311 esse
1577 1268 1791 1324 narratio)
1813 1268 1975 1313 Suiolas

241 1351 273 1380 8.
305 1351 341 1379 v.
375 1334 540 1384 Ἀπίκιος
568 1336 747 1394 Μᾶρκος,
779 1338 833 1391 cf.
867 1337 1019 1381 Hireel
1047 1351 1151 1380 mus.
1183 1338 1319 1380 Rhen.
1351 1341 1420 1388 43,
1452 1340 1563 1380 1888
1584 1352 1633 1392 p.
1653 1340 1748 1381 315.

154 1407 239 1450 420
274 1413 327 1451 Μ.
360 1412 624 1448 SERVILIVS
654 1411 914 1448 NONIANVS
946 1406 1097 1448 consul
1125 1422 1163 1451 a.
1185 1407 1253 1451 35.
1310 1407 1418 1449 Tria
1447 1407 1622 1449 nomina
1650 1406 1777 1449 habet
1805 1406 1975 1450 Plinius

240 1477 280 1521 h.
311 1490 352 1518 n.
385 1477 456 1526 28,
488 1478 557 1526 29,
590 1474 649 1517 Μ.
683 1474 895 1517 Servilius
927 1475 1045 1518 Plin.
1068 1475 1107 1518 h.
1129 1490 1172 1518 n.
1193 1479 1263 1526 24,
1285 1478 1353 1526 43,
1392 1475 1489 1519 Tac.
1513 1490 1552 1517 a.
1577 1478 1641 1526 14,
1664 1478 1729 1526 19,
1763 1475 1974 1518 Servilius

240 1545 464 1588 Nonianus
485 1543 602 1587 Plin.
624 1543 664 1587 h.
684 1558 726 1587 n.
750 1547 818 1595 37,
839 1547 906 1595 81,
943 1545 1041 1587 Tac.
1066 1544 1170 1587 dial.
1191 1547 1264 1595 23,
1296 1545 1368 1586 vit.
1390 1544 1545 1595 Persii,
1570 1544 1726 1598 Quint„
1748 1544 1973 1587 Nonianus

240 1614 359 1657 Plin.
382 1628 444 1668 ep.
465 1618 504 1664 1,
527 1616 592 1664 13,
613 1616 653 1655 3.
685 1613 741 1656 In
762 1613 984 1656 consulatu
1005 1614 1064 1656 M.
1088 1613 1302 1657 Servilius
1324 1613 1443 1658 Plin.
1464 1613 1504 1656 h.
1525 1627 1568 1655 n.
1589 1616 1656 1664 10,
1678 1617 1774 1663 124,
1812 1614 1911 1657 Tac.
1934 1629 1974 1658 a.

240 1689 278 1736 6,
289 1687 355 1735 31,
372 1683 460 1726 Dio
478 1686 544 1734 58,
557 1686 627 1734 25,
650 1684 875 1726 Nonianus
892 1684 1237 1739 chronographus
1254 1698 1293 1727 a.
1311 1686 1405 1735 354,
1423 1684 1679 1726 Nonnianus
1691 1683 1799 1738 fasti
1812 1682 1974 1738 Hydat.

325 1753 471 1796 Filius
502 1753 568 1795 M.
602 1753 779 1796 Servilii
807 1753 992 1796 consulis
1023 1768 1064 1797 a.
1086 1768 1135 1808 p.
1164 1752 1267 1797 Chr.
1298 1756 1338 1797 3.
1406 1753 1552 1810 Nepos
1593 1753 1723 1795 Nonii
1764 1754 1974 1794 senatoris

240 1824 296 1866 ab
327 1822 518 1866 Antonio
560 1823 813 1879 proscripti,
856 1837 1072 1879 pronepos
1112 1822 1243 1865 Nonii
1284 1822 1487 1866 Strumae
1514 1821 1636 1865 Plin.
1667 1821 1707 1866 h.
1738 1836 1779 1866 n.
1809 1825 1874 1872 37,
1907 1824 1974 1865 81.

241 1891 405 1936 Consul
426 1891 547 1934 Plin.
570 1891 596 1935 l.
619 1905 667 1942 c.,
700 1890 791 1935 ord.
824 1907 862 1936 a.
894 1907 935 1948 p.
968 1891 1068 1934 Chr.
1098 1892 1153 1934 35
1184 1906 1284 1934 cum
1315 1890 1364 1934 O.
1389 1891 1534 1935 Cestio
1563 1890 1689 1934 Gallo
1720 1892 1829 1945 fasti
1857 1890 1973 1945 (eon-

240 1960 395 2004 sularis
416 1960 535 2004 Plin.
557 1960 597 2003 h.
618 1974 660 2003 n.
682 1964 752 2011 24,
775 1961 860 2016 43).
908 1961 1154 2003 Historieus
1181 1962 1322 2015 Quint.
1344 1962 1442 2003 inst.
1464 1964 1528 2011 10,
1552 1963 1591 2011 1,
1612 1963 1712 2011 102,
1749 1960 1846 2002 Tac.
1869 1959 1972 2002 dial.

166 2026 170 2031 ’
238 2033 308 2086 23,
332 2044 431 2074 ann.
453 2032 516 2084 14,
540 2032 603 2073 19.
655 2029 768 2072 Ε11111
797 2029 936 2072 audiit
967 2029 1262 2083 Quintilianus
1289 2030 1431 2083 Quint.
1455 2029 1480 2072 l.
1504 2043 1537 2073 c,
1588 2029 1846 2071 Recitationi
1882 2029 1972 2070 eius

241 2099 494 2155 supervenit
514 2098 725 2142 Claudius
746 2098 908 2142 Caesar
929 2098 1049 2141 Plin.
1073 2113 1135 2154 ep.
1158 2102 1195 2153 1,
1219 2102 1282 2153 13,
1306 2102 1333 2141 3
1354 2096 1422 2150 (ex
1441 2112 1520 2152 quo
1542 2098 1630 2140 loco
1655 2097 1747 2140 noli
1766 2097 1970 2151 colliyere‚

240 2168 435 2211 carmina
465 2182 493 2210 a
525 2167 726 2210 Noniano
757 2169 939 2211 recitata
970 2168 1085 2223 esse).
1145 2167 1364 2210 Iudicium
1400 2167 1453 2209 de
1495 2167 1675 2209 historia
1709 2167 1801 2208 eius
1829 2166 1972 2219 Quint.

240 2237 267 2280 l.
299 2251 333 2280 e.
383 2236 470 2280 Hic
495 2237 680 2291 fortasse
700 2238 770 2279 vir
791 2237 1042 2292 consularis,
1077 2238 1154 2294 qui
1185 2236 1417 2279 annalibus
1448 2238 1537 2278 suis
1567 2235 1731 2277 factum
1752 2234 1972 2291 quoddam

239 2306 427 2360 Tiberii,
470 2307 540 2348 eui
580 2307 672 2362 ipse
712 2306 978 2362 interfuerit,
1020 2308 1203 2349 inseruit
1242 2306 1359 2349 Suet.
1401 2306 1492 2348 Tib.
1524 2308 1590 2347 61.
1651 2303 1883 2356 (Incertum
1917 2317 1973 2345 an

237 2375 318 2426 hic,
360 2375 472 2430 quocl
512 2375 688 2418 coniecit
722 2375 956 2418 Buecheler
994 2389 1100 2418 nius.
1130 2375 1268 2417 Rhen.
1300 2378 1370 2425 42,
1412 2377 1527 2416 1887
1545 2388 1593 2428 p.
1623 2376 1716 2423 473,
1760 2371 1971 2415 Servilius

240 2460 295 2487 ex
325 2459 410 2501 quo
451 2443 634 2486 verbum
672 2439 850 2501 aliquod
886 2445 1040 2487 citavit
1079 2443 1259 2486 Flavius
1300 2444 1624 2499 Pomponianus
1663 2442 1971 2497 grammaticus

237 2514 468 2558 Charisius
490 2513 561 2556 lib.
584 2513 618 2555 I
631 2528 681 2568 Ρ.
703 2516 795 2564 145,
818 2517 876 2557 29
900 2513 1033 2568 Keil).
1084 2514 1230 2555 Etiam
1254 2514 1368 2554 vitae
1394 2511 1609 2566 elegantia
1641 2510 1783 2552 clarus
1811 2510 1908 2552 Tac.
1931 2524 1970 2552 a.

238 2576 392 2633 14‚'19.
427 2583 653 2638 ‘Princeps
675 2583 880 2624 eivitatis'
899 2582 1020 2626 Plin.
1042 2582 1082 2624 h.
1102 2596 1144 2625 n.
1166 2584 1237 2632 28,
1260 2584 1329 2625 29.
1359 2580 1608 2623 Defunctus
1629 2595 1667 2622 a.
1686 2580 1741 2622 59
1763 2580 1861 2622 Tac.
1886 2579 1911 2622 l.
1935 2593 1968 2621 c.

152 2676 155 2677 ν
238 2650 350 2693 Filia
383 2651 590 2694 Considia
621 2651 739 2694 Plin.
771 2651 811 2695 h.
842 2666 883 2695 n.
915 2655 984 2702 24,
1015 2654 1069 2693 43
1099 2652 1295 2705 (propter
1333 2649 1409 2691 hoc
1446 2663 1597 2691 nomen
1635 2649 1753 2703 filiae
1791 2647 1971 2690 inclitum

234 2721 377 2775 possis
405 2721 593 2762 conicere
615 2720 845 2763 Servilium
866 2720 1116 2763 Nonianum
1144 2720 1254 2761 inter
1274 2719 1456 2760 maiores
1480 2731 1723 2759 numerasse
1751 2716 1971 2760 Considios

240 2789 466 2832 Nonianos
496 2790 650 2831 aetatis
682 2788 997 2839 Ciceronianae,
1028 2788 1116 2831 Cic.
1149 2787 1207 2829 acl
1234 2788 1338 2840 f'ain.
1369 2789 1435 2836 16,
1466 2789 1525 2829 12
1550 2789 1648 2837 cet.;
1677 2799 1870 2828 nummus
1901 2800 1970 2840 ap.

241 2859 438 2901 Momm&
458 2858 727 2900 Mnmwesen
739 2873 786 2912 p.
805 2861 886 2900 636
904 2872 944 2901 n.
963 2856 1079 2911 281).
1126 2857 1303 2898 Persius
1335 2869 1433 2896 eum
1462 2861 1511 2896 ut
1540 2861 1708 2910 patrem
1729 2854 1862 2896 coluit
1881 2855 1971 2896 vita

237 2926 380 2969 Persii
398 2927 533 2982 (Suet.
557 2926 618 2969 ed.
640 2925 951 2978 Reifferscheid
972 2940 1020 2979 p.
1044 2924 1126 2977 73).
1172 2924 1272 2975 (Hic
1303 2924 1486 2976 fortasse
1518 2922 1743 2977 Servilius,
1774 2924 1819 2964 in
1847 2924 1969 2965 cuius

239 2995 365 3038 domo
400 2995 642 3037 ‘didicerat'
678 2994 845 3037 Plotius
877 2994 1100 3036 Macrinus
1133 2993 1270 3034 Persii
1303 2992 1463 3033 amicus
1493 2991 1619 3034 schol.
1653 2991 1711 3033 acl
1739 2991 1858 3033 Pers.
1889 2994 1968 3035 sat.

238 3068 282 3114 2,
314 3064 372 3118 1.)
434 3063 661 3116 Quomodo
693 3079 719 3105 a
748 3062 1007 3119 lippitudine
1038 3062 1119 3103 sibi
1151 3062 1316 3102 caverit
1343 3059 1460 3104 Plin.
1491 3060 1531 3102 h.
1562 3074 1603 3102 n.
1635 3063 1706 3110 28,
1738 3063 1807 3104 29.

153 3133 232 3174 421
268 3131 480 3175 Servilius
511 3132 677 3186 Pansa,
709 3131 829 3173 nulla
863 3130 1066 3172 evidente
1096 3145 1227 3171 eausa
1258 3129 1385 3183 obiit,
1428 3144 1527 3171 eum
1562 3136 1696 3171 staret
1726 3130 1770 3170 in
1800 3128 1893 3170 foro
1926 3129 1968 3170 in

238 3200 446 3242 Publium
480 3201 658 3243 fratrem
698 3201 872 3242 innixus
904 3199 1023 3242 Plin.
1055 3212 1096 3241 n.
1128 3198 1167 3239 h.
1198 3201 1236 3247 7,
1269 3200 1366 3241 182.
1426 3197 1640 3239 Incertum
1669 3211 1749 3251 quo
1789 3200 1970 3252 tempore

237 3270 413 3321 vixerit;
442 3271 541 3312 item
566 3271 773 3312 incertum
797 3283 853 3311 an
873 3269 998 3311 huius
1019 3268 1193 3310 libertus
1223 3266 1271 3310 O.
1301 3266 1516 3310 Servilius
1538 3267 1706 3308 Pansae
1726 3265 1754 3309 l.
1776 3266 1968 3322 Tychius

239 3338 283 3381 in
313 3341 340 3382 t.
373 3338 609 3381 Parentino
641 3338 787 3381 V340.

1624 3402 1692 3437 15*
