2242 3672
191 256 444 295 soAEmAs
1060 250 1139 294 251
1535 284 1538 287 Α
1740 239 2008 292 sonAEMvs

282 390 380 433 Tac.
414 404 454 432 a.
484 391 549 440 15,
588 391 656 432 72.
717 387 972 431 Praefectus
1013 388 1229 444 praetorio
1270 402 1367 430 cum
1397 385 1663 443 Nymphidio
1695 386 1856 430 Sabino
1889 386 2008 428 Plut.

277 457 407 502 Galo.
429 462 472 502 2.
522 458 596 500 Eis
621 457 735 499 Nero
767 463 924 499 cuncta
953 457 1165 513 permittit
1185 455 1350 511 Ioseph.
1377 455 1470 500 bell.
1492 459 1530 507 4,
1555 459 1594 507 9,
1616 459 1648 500 2
1669 456 1722 510 cf.
1740 455 1856 500 Plut.
1882 455 2009 500 Galo.

274 531 340 571 13.
371 531 441 573 23.
474 530 546 571 29.
607 526 825 569 Neronem
856 527 901 567 in
934 526 1162 570 Graeciam
1193 526 1425 567 comitatur
1455 524 1543 568 Dio
1574 528 1640 576 63,
1672 528 1742 569 12.
1795 525 1922 567 Anno
1954 525 2008 567 68

276 597 479 639 ‘Neronis
510 595 706 638 desertor
726 610 778 637 ac
807 593 1017 651 proditor'
1048 594 1145 637 Tac.
1169 593 1209 636 h.
1232 597 1269 644 1,
1294 597 1372 645 72;
1402 593 1519 636 Plut.
1549 593 1678 637 Galo.
1704 597 1765 636 17.
1806 593 1847 636 A
1878 593 2010 650 Nym-

274 665 423 723 phidio
444 670 619 708 coactus
642 663 918 721 praefectura
938 678 983 705 se
1004 663 1210 706 abdicare
1231 663 1288 705 ib.
1312 676 1346 705 c.
1366 665 1406 705 8.
1445 663 1550 706 Post
1580 663 1816 705 adventum
1843 661 2010 705 Galbae

239 745 241 748 ⁴
273 734 620 791 pertinacissime
641 748 668 775 a
687 732 846 789 populo
869 731 924 774 ad
946 730 1206 789 supplicium
1228 732 1446 786 flagitatus
1463 731 1581 775 Plut.
1601 731 1730 775 Galb.
1752 734 1818 781 17,
1847 731 1945 775 Tac.
1967 731 2007 773 lt.

270 807 308 855 1,
333 807 403 854 72,
437 803 552 847 Suet.
584 801 712 845 Galb.
739 804 805 853 15,
835 801 923 844 Dio
951 805 1015 852 64,
1050 805 1091 852 3,
1124 801 1201 843 sed
1231 807 1430 844 servatus
1461 802 1511 845 T.
1543 801 1664 844 Vinii
1696 801 1902 857 potentia,
1934 801 2007 857 qui

275 872 527 923 dictitabat,
575 877 791 914 servatam
832 870 887 913 ab
929 885 977 913 eo
1017 870 1152 912 filiam
1197 870 1295 913 Tac.
1339 870 1366 912 l.
1399 884 1455 923 c.;
1498 885 1548 912 ea
1587 869 1672 911 filia
1717 868 2010 926 despondetur

271 940 488 997 Tigellino
517 939 638 982 Plut.
673 939 699 982 Z.
733 953 765 984 c.
813 939 1026 994 Aegrotat
1055 938 1174 981 Plut.
1205 938 1299 983 Oth.
1322 942 1353 982 2
1384 939 1438 993 cf.
1469 938 1597 982 Galo.
1623 942 1687 981 17.
1736 937 1804 980 Ab
1835 936 2009 980 Othone

270 1025 416 1053 rerum
454 1010 591 1066 potito
632 1023 747 1051 mors
787 1009 827 1050 ei
868 1008 1054 1063 indicta3
1095 1022 1179 1064 quo
1220 1008 1373 1049 nuntio
1410 1007 1525 1064 apud
1557 1022 1692 1063 aquas
1725 1007 2010 1050 Sinuessanas

270 1085 447 1136 accepto
488 1077 704 1121 novacula
739 1077 889 1119 fauces
928 1078 1064 1119 secuit
1104 1076 1221 1119 Plut.
1253 1076 1346 1120 oth.
1377 1079 1419 1127 2,
1458 1076 1557 1118 Tac.
1589 1076 1628 1120 h.
1660 1079 1698 1126 1,
1732 1079 1800 1119 72.
1863 1075 2010 1118 Gener

270 1149 364 1191 eius
387 1147 672 1191 Cossutianus
693 1146 848 1203 Capito
880 1147 977 1189 Tac.
1000 1160 1039 1190 a.
1058 1150 1123 1196 14,
1140 1148 1208 1188 48.
1233 1149 1298 1196 16,
1317 1149 1382 1187 17.
1423 1146 1493 1187 Ex
1514 1146 1677 1187 intimis
1699 1146 1790 1187 eius
1812 1144 2009 1186 Maevius

271 1217 447 1260 Pudens
474 1217 572 1260 Tac.
594 1216 634 1260 h.
657 1219 694 1266 1,
722 1219 792 1259 24.
845 1215 1030 1271 (Nomen
1061 1215 1151 1257 eius
1180 1228 1265 1257 non
1290 1217 1400 1256 recte
1420 1214 1613 1268 positum
1635 1213 1753 1256 Plut.
1774 1213 1902 1256 Galb.
1925 1212 2009 1267 19.)

198 1310 254 1316 —
299 1293 440 1328 IVLIA
474 1291 725 1328 SOAEMIAS
757 1290 1006 1326 BASSIANA
1037 1289 1282 1327 AVGVSTA.

186 1355 266 1397 541
302 1360 568 1396 SOHAEMVS
601 1353 808 1406 (traditur
831 1352 1037 1409 Ἰσόαιμος,
1063 1352 1174 1394 unde
1203 1365 1289 1394 non
1317 1355 1427 1394 recte
1457 1365 1592 1406 supra
1612 1352 1646 1394 I
1658 1354 1734 1402 43,-
1765 1351 1814 1393 de
1843 1365 2010 1393 nomine

272 1424 327 1478 cf.
358 1423 435 1466 sub
475 1437 522 1465 eo
561 1422 635 1476 qui
673 1421 892 1476 sequitur),
936 1420 1202 1477 temporibus
1234 1420 1456 1462 Valeriani
1495 1421 1565 1462 vir
1606 1419 1870 1463 consularis:
1918 1420 2009 1461 eius

271 1507 454 1535 uxorem
474 1491 728 1534 Aetheriam
750 1489 990 1533 Caesareae
1012 1489 1318 1545 Cappadociae
1347 1491 1492 1545 rapuit
1513 1488 1751 1531 Palmatius
1774 1488 2010 1543 Hesychius

273 1562 473 1605 Milesius
492 1560 589 1603 hist.
609 1561 665 1614 fr.
689 1564 715 1602 1
745 1559 925 1612 (Mulier
946 1559 1003 1613 fr.
1027 1558 1066 1603 k.
1087 1557 1242 1602 Graec.
1266 1557 1300 1600 I
1306 1558 1348 1600 V
1350 1573 1398 1612 p.
1415 1557 1526 1612 145).
1565 1557 1779 1600 Narratio
1800 1560 2007 1612 suspecta.

183 1631 267 1674 542
300 1630 539 1674 Sohaemus
571 1629 650 1683 (sic
678 1629 883 1672 scribitur
910 1628 957 1670 in
988 1627 1202 1670 codicibus
1228 1627 1368 1669 Taciti
1395 1630 1434 1670 et
1463 1626 1713 1677 Frontonis,
1746 1627 1919 1683 Σόαιμος
1947 1626 2011 1668 vol

269 1699 424 1757 Σόεμος
451 1698 611 1742 Graeci
639 1697 800 1741 codices
824 1696 1038 1752 plerique,
1080 1697 1256 1752 Σόαιμος
1287 1695 1448 1739 Suidas
1482 1709 1513 1738 s.
1543 1709 1581 1738 v.
1612 1695 1818 1751 Μάρτιος),
1851 1694 2008 1749 Arabs,

269 1769 385 1824 regis
406 1767 568 1810 Aretae
589 1768 753 1809 amicus
776 1781 904 1823 quem
928 1764 1128 1822 Syllaeus
1150 1766 1304 1807 Petrae
1326 1764 1501 1807 sustulit
1521 1764 1686 1819 Ioseph.
1711 1767 1797 1807 ant.
1816 1767 1881 1814 17,
1904 1766 1942 1814 3,
1964 1767 2006 1818 2,

270 1838 363 1881 bell.
386 1841 424 1889 1,
449 1840 518 1887 29,
540 1839 580 1879 3.

181 1908 266 1951 543
297 1906 559 1960 Sohaemus,
603 1906 821 1959 Ituraeus,
865 1904 920 1947 ab
961 1903 1138 1947 Herode
1178 1918 1276 1946 cum
1316 1909 1414 1960 post
1454 1917 1646 1960 pugnam
1688 1903 1910 1945 Actiacam
1952 1902 2005 1944 ad

267 1975 500 2020 Caesarem
530 1981 798 2031 properaret,
831 1980 975 2016 custos
1007 1973 1291 2016 Mariammae
1323 1972 1450 2015 datus
1482 1972 1648 2026 Ioseph.
1681 1975 1769 2014 ant.
1799 1974 1864 2022 15,
1897 1975 1934 2022 6,
1966 1974 2005 2015 5.

266 2044 522 2087 Mariamme
554 2044 592 2085 ei
625 2044 884 2101 μεριδαρχίαν
917 2042 973 2085 ab
999 2040 1177 2085 Herode
1199 2042 1402 2098 impetrat
1421 2041 1479 2084 ib.
1501 2043 1566 2092 15,
1590 2043 1628 2091 7,
1651 2043 1689 2083 3.
1738 2039 1808 2083 Ab
1830 2040 2007 2083 Herode

266 2113 538 2168 interfectus,
571 2127 672 2155 cum
704 2113 987 2168 comperisset
1016 2117 1185 2154 secreta
1215 2126 1294 2153 sua
1323 2110 1530 2152 mandata
1559 2109 1613 2152 ab
1644 2123 1694 2151 eo
1727 2109 2006 2151 Mariammae

268 2197 362 2225 esse
392 2182 565 2239 prodita
593 2182 651 2225 ib.
673 2184 737 2232 15,
762 2185 799 2232 7,
822 2185 858 2224 1.
880 2185 907 2224 4
937 2180 1064 2236 (idem
1092 2183 1304 2223 narratur
1332 2179 1381 2222 de
1411 2178 1590 2234 Iosepho
1612 2181 1777 2233 patruo
1806 2177 2005 2227 Herodis,

266 2253 324 2296 ib.
355 2255 421 2303 15,
451 2254 490 2303 3,
523 2254 562 2296 6.
594 2253 651 2307 9).

181 2321 267 2364 544
297 2321 537 2364 Sohaemus
563 2320 631 2375 (ex
659 2320 792 2375 stirpe
813 2322 923 2374 puto
954 2319 1043 2362 eius
1071 2319 1147 2374 qui
1171 2317 1422 2374 praecedit),
1456 2333 1536 2360 rex
1563 2319 1836 2360 Ituraeorum
1866 2316 2005 2359 factus

268 2406 294 2433 a
324 2391 435 2435 Gaio
467 2405 505 2432 a.
526 2390 581 2433 39
611 2388 700 2432 Dio
720 2391 787 2440 59,
811 2391 882 2432 12.
942 2387 1190 2430 Defunctus
1221 2386 1301 2429 sub
1325 2386 1532 2441 Claudi03
1562 2387 1726 2430 Ituraei
1757 2387 2006 2443 provinciae

270 2459 425 2515 Syriae
455 2458 592 2501 additi
620 2458 718 2501 Tac.
742 2472 782 2500 a.
804 2461 873 2509 12,
896 2460 956 2500 23
987 2457 1079 2513 (sub
1107 2470 1219 2499 anno
1241 2456 1326 2511 49).
1352 2482 1404 2486 -
1428 2456 1548 2499 Idem
1568 2456 1734 2498 videtur
1755 2455 2004 2510 Sohaemus,

267 2530 289 2571 ὂ
325 2530 412 2584 περὶ
442 2529 510 2571 τὸν
547 2528 720 2588 Λίβανον
751 2531 1006 2584 τετραρχῶν,
1046 2527 1169 2569 cuius
1211 2540 1343 2582 nepos
1385 2525 1567 2583 (ἔγγονος
1607 2525 1768 2568 codices
1799 2524 2005 2579 plerique,

268 2596 430 2654 ἔκγονος
470 2596 598 2639 codex
639 2595 876 2651 Mediceus)
918 2596 1000 2638 fuit
1036 2596 1181 2638 Varus
1225 2595 1327 2651 (sive
1369 2594 1566 2646 Noarus,
1614 2595 1668 2648 cf.
1715 2594 1791 2636 sub
1839 2593 2006 2650 Noaro)

268 2666 512 2722 praefectus
554 2666 670 2720 regis
699 2664 925 2722 Agrippae
956 2665 1137 2707 iunioris
1169 2664 1336 2719 Ioseph.
1367 2664 1439 2708 vit.
1469 2667 1536 2708 11.

183 2736 267 2778 545
299 2734 566 2789 Sohaemus,
607 2734 745 2777 frater
774 2733 921 2788 Azizi,
955 2734 1070 2788 regis
1100 2733 1470 2788 Hemesenorum,
1504 2733 1645 2789 primo
1677 2727 1862 2774 Neronis
1894 2738 2006 2766 anno

270 2804 394 2846 fratri
426 2803 620 2846 succedit
638 2802 804 2858 Ioseph.
835 2806 922 2845 ant.
948 2805 1020 2853 20,
1044 2805 1085 2853 8,
1106 2806 1134 2845 4
1164 2802 1220 2856 (a.
1244 2802 1300 2845 54
1330 2817 1356 2844 a
1386 2802 1562 2845 Nerone
1592 2801 1813 2855 regionem
1845 2794 2005 2851 Sophe—

269 2887 355 2915 nen
386 2886 484 2914 cum
513 2870 758 2926 insignibus
783 2872 915 2926 regiis
948 2872 1107 2928 accipit
1133 2871 1232 2914 Tac.
1254 2885 1294 2913 a.
1317 2873 1382 2921 13,
1407 2870 1463 2925 7),
1495 2864 1710 2912 Hemesae
1740 2882 1819 2909 rex
1841 2862 2006 2917 Ioscpli.

273 2940 366 2983 bell.
390 2944 427 2991 7,
450 2944 487 2991 7,
510 2944 549 2983 1.
595 2940 648 2983 Α.
672 2940 727 2983 69
757 2940 873 2982 inter
898 2940 1060 2996 primos
1082 2938 1306 2982 Flavianis
1333 2939 1532 2996 partibus
1563 2937 1819 2992 adiungitur
1845 2934 1943 2976 Tae.
1966 2930 2005 2972 h.

271 3013 314 3060 2,
346 3012 413 3052 81.
465 3010 683 3051 Romanos
714 3009 890 3051 auxiliis
921 3009 1044 3050 iuvat
1073 3015 1226 3050 contra
1250 3008 1437 3051 Iudaeos
1468 3007 1635 3062 Ioseph.
1670 3005 1761 3048 bell.
1794 3007 1836 3054 2,
1870 3004 1935 3051 18,
1967 3003 2006 3049 9,

269 3081 308 3129 3,
330 3082 370 3128 4,
392 3081 435 3128 2,
475 3078 573 3120 Tac.
595 3077 636 3120 h.
657 3080 696 3128 5,
718 3081 756 3128 1,
790 3084 834 3120 et
864 3084 1017 3120 contra
1046 3091 1171 3132 reges
1195 3076 1510 3132 Commagenes
1543 3076 1599 3130 (a,
1623 3076 1695 3129 72)
1720 3071 1885 3126 Ioseph.
1914 3068 2005 3112 bell.

274 3150 311 3197 7,
336 3150 372 3198 7,
395 3150 434 3192 1.
464 3146 671 3189 Fortasse
692 3146 809 3201 filius
829 3146 919 3188 eius
939 3146 1013 3200 qui
1024 3145 1269 3200 praecedit;
1300 3149 1409 3189 certe
1429 3146 1700 3202 propinquus
1722 3143 1814 3183 eius
1835 3139 2007 3181 Noai-us

272 3216 364 3270 (qui
393 3215 508 3258 illius
537 3215 625 3269 fuit
654 3214 833 3272 ἔγγονος)
865 3214 1031 3269 Ioseph.
1056 3214 1148 3259 bell.
1170 3218 1213 3265 2,
1236 3217 1303 3266 18,
1324 3218 1363 3257 6.

186 3285 271 3327 546
302 3284 564 3339 Sohaemus,
606 3298 685 3326 rex
715 3283 963 3326 Armeniae.
1020 3283 1094 3326 Ex
1132 3284 1265 3339 stirpe
1305 3297 1448 3326 eorum
1477 3283 1552 3337 qui
1581 3278 1846 3335 praecedunt
1875 3276 2007 3331 fuisse

273 3354 450 3396 coniecit
490 3353 728 3396 Mommsen
766 3352 913 3396 Roem.
952 3351 1101 3396 Gesch.
1146 3352 1248 3407 Vp.
1278 3356 1364 3396 407
1391 3355 1477 3395 not.
1508 3354 1540 3394 2
1580 3350 1678 3404 (rex
1709 3348 1828 3402 regia
1859 3348 2005 3401 stirpe,
