2242 3672
312 291 584 329 VERGINIVS
1177 279 1261 322 404
1844 285 2091 322 VERGINIV
2119 312 2122 315 ,

398 423 498 467 aliis
527 422 651 465 rebus
680 418 907 474 colliyitar,
940 420 980 460 et
1007 416 1105 460 inde
1134 416 1247 471 qaod
1279 429 1491 459 successor
1521 416 1609 459 eius
1637 416 1907 459 Hordeonius
1936 416 2127 468 Flaccus
2149 472 2152 475 Ι

400 491 657 546 superiorem
677 486 948 542 provinciam
966 483 1106 540 rexit).
1154 483 1267 527 Cum
1287 483 1464 527 Vindex
1485 499 1510 526 a
1530 484 1704 526 Nerone
1726 484 1941 540 deficeret,
1975 492 2126 528 contra

399 574 497 602 eum
527 572 624 600 cum
655 556 847 597 exercitu
878 554 1097 608 (universo
1131 553 1392 598 Germaniae
1423 554 1657 609 superioris
1684 553 1783 596 Tac.
1803 553 1844 595 h.
1869 557 1909 605 1,
1930 555 1994 608 53,
2027 567 2126 596 cum

399 626 574 671 auxiliis
603 624 838 679 Belgarum
869 623 925 666 ib.
955 626 995 673 4,
1026 621 1098 676 17)
1130 622 1372 678 profectus,
1404 621 1539 664 nihilo
1569 623 1712 664 minus
1744 628 1902 665 tractat
1937 637 2034 665 cum
2061 636 2124 677 eo,

403 702 532 752 atque
563 695 692 736 etiam
723 698 887 735 secreto
919 690 1181 747 colloquitur
1208 690 1297 734 Dio
1317 694 1381 742 63,
1404 694 1485 745 24,-
1514 691 1589 734 sed
1620 692 1712 748 ipso
1739 692 1877 733 invito
1909 691 2126 734 exercitus

403 765 495 806 eius
515 761 714 806 Vindicis
745 761 891 817 copias
922 759 1064 802 caedit
1084 759 1202 802 Plat.
1233 759 1361 803 Galb.
1382 763 1420 810 6,
1451 759 1540 803 Dio
1572 760 1597 804 Z.
1630 774 1691 812 0.,·
1721 760 1776 814 cf.
1804 760 1902 803 Tac.
1925 760 1966 803 h.
1987 763 2027 811 4,
2051 762 2128 811 69;

402 831 518 875 Plat.
539 830 666 875 Gall).
688 833 752 873 10.
774 831 840 872 18.
882 828 1054 871 Deinde
1075 843 1174 870 cum
1194 828 1372 871 Vindex
1400 835 1584 871 mortem
1606 828 1689 871 sibi
1711 829 1991 871 conscivisset
2010 827 2127 871 Plut.

401 900 529 944 Galb.
552 903 590 951 6,
621 898 709 942 Dio
741 898 767 941 l.
799 911 847 948 c„
879 898 1108 953 imperium
1138 897 1332 940 oblatum
1362 898 1445 940 sibi
1475 913 1502 940 a
1529 897 1738 940 militibus
1769 897 1858 940 Dio
1888 900 1954 948 63,
1984 899 2043 940 25
2072 895 2128 951 cf.

404 970 502 1013 Tac.
532 969 572 1011 h.
604 971 641 1019 1,
671 970 721 1018 8,
763 966 895 1027 Plut.
914 966 941 1009 l.
973 980 1006 1010 0.
1050 966 1199 1020 (etiam
1228 966 1429 1024 Illyricae
1465 967 1656 1022 legiones
1698 981 1797 1009 eum
1838 964 2128 1021 legationibus

399 1037 546 1081 adiere
582 1037 679 1080 Tac.
706 1036 746 1080 h.
773 1039 811 1086 1,
834 1036 891 1090 9),
924 1034 1078 1077 abnuit
1107 1034 1197 1078 Dio
1229 1036 1253 1078 l.
1287 1049 1345 1088 c.,·
1381 1037 1435 1090 cf.
1474 1037 1572 1079 Tae.
1602 1036 1643 1078 h.
1674 1038 1717 1086 2,
1749 1038 1804 1078 68
1834 1034 2130 1089 (dubitaverat

403 1113 548 1150 tamen
587 1120 643 1148 an
673 1105 898 1160 ¹reciperet
937 1103 1036 1147 Tac.
1067 1103 1108 1146 h.
1141 1107 1188 1155 1,
1220 1107 1261 1146 8.
1293 1105 1384 1160 52).
1445 1104 1572 1148 Oirca
1605 1105 1708 1148 haec
1739 1108 1928 1160 tempora
1957 1117 1986 1146 a
2014 1116 2130 1146 servo

401 1176 490 1218 cias
519 1189 596 1231 pro
627 1173 765 1216 salute
796 1179 838 1215 et
867 1173 1051 1215 victoria
1089 1173 1181 1216 eius
1210 1174 1381 1228 positas
1422 1177 1449 1218 t.
1489 1187 1623 1228 supra
1653 1173 1867 1216 laudatas.
1912 1171 2131 1215 Pedanius

404 1243 536 1287 Costa
567 1257 666 1285 eum
696 1241 770 1297 (ad
799 1256 868 1284 res
899 1242 1055 1297 novas)
1085 1241 1313 1285 extimulat
1349 1242 1447 1285 Tac.
1468 1243 1509 1286 h.
1529 1246 1572 1294 2,
1597 1246 1661 1287 71.
1711 1242 1903 1285 Monitus
1933 1255 1960 1284 a
1989 1239 2132 1284 Galba

401 1312 518 1355 Plut.
558 1312 585 1355 l.
630 1326 678 1363 0.,
730 1312 898 1354 senatui
947 1310 1193 1368 populoque
1242 1312 1437 1354 Romano
1487 1327 1532 1354 se
1584 1313 1794 1369 permittit
1831 1310 1921 1354 Dio
1955 1312 2023 1361 63,
2058 1311 2129 1360 25,

403 1382 572 1424 senatui
599 1380 851 1423 electionem
879 1381 1151 1437 imperatoris
1173 1387 1319 1423 servat
1338 1381 1454 1423 Plat.
1483 1380 1612 1424 Galb.
1633 1384 1687 1424 10
1716 1381 1760 1435 (a
1779 1380 1952 1423 Nerone
1973 1377 2132 1421 defecit

402 1450 490 1494 Dio
520 1453 584 1502 63,
617 1453 679 1494 27
686 1464 700 1502 ,·
729 1449 898 1492 Galbae
929 1465 974 1492 se
1003 1449 1205 1493 adiunxit
1230 1450 1390 1495 Zonar.
1417 1454 1482 1501 11,
1506 1451 1590 1506 14).
1650 1449 1907 1507 ‘Imperium
1936 1447 2132 1491 adseruit

402 1533 489 1561 non
514 1519 596 1562 sibi
623 1518 699 1561 sed
724 1519 904 1575 patriae’
929 1520 1018 1574 ipse
1039 1519 1086 1561 in
1105 1520 1380 1574 inscriptione
1399 1534 1525 1574 qaam
1545 1522 1809 1562 monumento
1831 1518 2128 1566 destinaverat,

404 1603 472 1643 aq).
494 1587 611 1630 Plin.
634 1594 695 1643 ep.
714 1591 751 1638 6,
768 1591 835 1638 10,
856 1590 895 1632 4.
919 1590 958 1638 9,
975 1590 1042 1638 19,
1059 1591 1105 1639 1;
1125 1587 1214 1630 Dio
1228 1590 1294 1638 68,
1312 1591 1355 1632 2.
1387 1588 1529 1630 Morte
1549 1588 1735 1630 Neronis
1756 1587 1955 1629 nuntiata
1974 1586 2131 1627 iterum

403 1658 442 1699 ei
474 1655 665 1699 oblatum
692 1657 921 1713 imperium
947 1656 1063 1699 Plat.
1092 1655 1221 1699 Galb.
1242 1660 1295 1699 10
1316 1657 1370 1710 cf.
1392 1656 1480 1699 Dio
1502 1660 1567 1707 64,
1587 1660 1627 1699 4.
1673 1655 1869 1699 Tandem
1895 1658 2132 1712 praeeunte

406 1724 543 1768 Fabio
574 1724 761 1768 Valente
792 1726 1033 1767 exercitum
1073 1726 1118 1766 in
1146 1725 1283 1768 verba
1313 1724 1482 1768 Galbae
1513 1725 1661 1780 adegit
1690 1725 1807 1769 Plut.
1836 1723 1966 1768 Galb.
1994 1724 2046 1766 10
2076 1721 2132 1775 cf.

412 1794 510 1837 Tac.
531 1794 571 1840 h.
594 1798 633 1845 1,
655 1796 721 1838 53.
774 1795 1020 1837 Revocatus
1051 1809 1076 1836 a
1107 1793 1252 1837 Galba
1282 1795 1426 1851 specie
1456 1795 1670 1837 amicitiae
1697 1794 1797 1837 Tac:
1822 1793 1863 1836 h.
1893 1796 1933 1843 1,
1963 1793 2020 1843 8,·Δ
2043 1804 2136 1833 suc-

407 1877 551 1906 cessor
591 1864 630 1905 ei
669 1864 826 1905 missus
866 1862 1150 1905 Hordeonius
1187 1862 1371 1906 Flaccus
1401 1863 1519 1908 Plut.
1547 1863 1674 1907 Galb.
1705 1867 1771 1906 10.
1802 1865 1869 1906 18.
1927 1861 1982 1904 Ι11
2017 1857 2136 1902 nullo

407 1933 567 1987 insigni
598 1931 762 1974 honore
791 1931 909 1989 apud
936 1931 1123 1976 Galbam
1154 1931 1271 1975 Plat.
1301 1931 1428 1976 Gall).
1458 1936 1523 1976 10.
1554 1937 1629 1984 22,
1661 1932 1750 1975 Dio
1779 1935 1845 1983 64,
1872 1933 1901 1974 4
1926 1943 2008 1973 exc.
2040 1927 2133 1972 Val.

407 2000 449 2043 A
467 2000 605 2044 Fabio
626 2000 810 2044 Valente
839 2001 1075 2043 infamatur
1103 2001 1221 2058 apud
1253 2000 1437 2046 Galbam
1463 2002 1562 2045 Tac.
1582 2001 1622 2044 h.
1643 2005 1684 2052 3,
1707 2004 1764 2045 62
1793 2001 1847 2054 cf.
1869 2003 1906 2054 1,
1928 2001 1988 2043 52
2017 1997 2135 2052 (reus

414 2069 511 2114 Tac.
525 2070 565 2113 h.
582 2073 621 2121 1,
639 2070 695 2123 8).
739 2069 907 2113 Galbae
929 2071 1195 2127 suspiciones
1216 2072 1354 2113 evasit
1367 2070 1483 2114 Ptin.
1499 2086 1561 2126 ep.
1577 2075 1621 2122 2,
1640 2075 1677 2121 1,
1701 2074 1743 2114 2.
1777 2068 1891 2112 Otho
1914 2064 2135 2110 consulem

407 2153 505 2181 eum
535 2138 733 2194 designat
759 2140 856 2182 Tac.
878 2139 917 2183 h.
943 2144 981 2195 1,
1002 2143 1069 2190 77,
1102 2139 1219 2182 Plut.
1250 2139 1344 2183 Oth.
1375 2144 1414 2185 1.
1466 2139 1628 2183 Consul
1649 2140 1694 2182 II
1714 2139 1812 2182 suff.
1834 2154 1872 2181 a.
1893 2137 1949 2180 69
1971 2150 2028 2178 ex
2044 2133 2134 2177 kal.

406 2207 576 2249 Martiis
607 2222 705 2250 cum
735 2208 786 2252 L.
807 2209 1013 2265 Pompeio
1036 2209 1225 2265 Vopisco
1248 2212 1328 2251 act.
1349 2209 1468 2260 Ara,
1492 2210 1546 2263 cf.
1573 2209 1672 2252 Tac.
1700 2208 1726 2251 l.
1749 2222 1782 2252 c.
1795 2222 1809 2260 ,·
1828 2206 1917 2250 III
1930 2205 1977 2250 S.
1995 2206 2135 2247 7006-
2237 2222 2242 2258 j

412 2278 532 2319 7008.
564 2275 780 2319 Othonem
801 2278 1032 2319 comitatur
1051 2277 1107 2319 ad
1127 2277 1289 2320 bellum
1305 2278 1402 2320 Tac.
1415 2277 1456 2320 h.
1471 2281 1515 2328 2,
1530 2281 1597 2321 49.
1629 2278 1735 2320 Post
1754 2288 1945 2333 pugnam
1960 2271 2137 2316 Bedria-
2222 2276 2242 2292 ¹

414 2358 584 2387 censem
613 2344 771 2387 milites
803 2346 984 2388 exitium
1014 2347 1053 2388 ei
1078 2347 1335 2388 minitantur
1353 2347 1425 2397 ib„
1457 2353 1626 2389 mortuo
1648 2345 1820 2389 Othone
1840 2350 1888 2387 ut
1907 2341 2138 2399 imperium

413 2414 624 2470 reciperet
653 2428 752 2456 eum
783 2420 908 2457 orant
936 2415 993 2457 ib.
1015 2418 1059 2465 2,
1079 2417 1146 2466 51,
1177 2414 1293 2458 Plut.
1326 2415 1420 2458 Otli.
1441 2417 1519 2467 18,·
1547 2430 1646 2458 cum
1666 2430 1692 2457 a
1711 2412 1888 2457 Vitellio
1910 2410 1967 2454 ad
1985 2408 2137 2467 epulas

414 2481 692 2524 adhiberetur
722 2483 886 2538 Ticini,
928 2482 1086 2526 milites
1125 2484 1415 2540 irrumpentes
1454 2490 1637 2526 mortem
1669 2485 1759 2526 eius
1794 2479 2134 2539 postulaverunt,

414 2563 630 2606 aegreque
666 2550 845 2593 cohibiti
880 2552 978 2595 Tac.
1009 2552 1050 2594 h.
1080 2555 1124 2603 2,
1156 2554 1222 2595 68.
1286 2551 1509 2595 cCaesares
1549 2552 1706 2609 quibus
1746 2555 1970 2607 suspectus
2007 2552 2139 2603 atque

417 2619 546 2660 etiam
590 2619 755 2661 invisus
793 2621 1030 2664 virtutibus
1069 2620 1213 2663 fuerat
1254 2622 1408 2663 evasit'
1440 2621 1556 2665 Ptin.
1588 2636 1650 2675 ep.
1682 2624 1725 2671 2,
1757 2624 1797 2670 1,
1824 2622 1865 2661 3.
1905 2642 1961 2647 -
2000 2615 2140 2658 Tutor
2221 2617 2242 2657 ³2

417 2685 549 2728 Plinii
580 2701 631 2728 ac
660 2686 885 2743 fautor-ib.
907 2692 949 2744 2,
970 2693 1009 2740 1,
1030 2692 1080 2741 8,·
1109 2688 1166 2731 ad
1197 2689 1288 2731 eius
1319 2689 1503 2731 honores
1526 2704 1581 2730 ex
1607 2687 1848 2730 secessibus
1879 2683 2137 2736 accucurrit,
2222 2667 2242 2718 j*

418 2768 518 2796 cum
548 2755 635 2796 iam
665 2755 833 2811 pridem
864 2757 1072 2799 eiusmodi
1105 2757 1257 2799 officiis
1288 2759 1577 2800 renuntiasset
1605 2758 1662 2802 ib.
1685 2782 1736 2787 —
1756 2756 1903 2799 Nerva
1931 2751 2140 2806 collegam
2225 2751 2242 2783 Ξ

418 2823 463 2863 in
502 2821 728 2865 consulatu
768 2837 866 2866 eum
908 2824 991 2867 sibi
1022 2825 1258 2873 destinavit
1286 2825 1374 2868 Dio
1406 2828 1474 2876 68,
1505 2829 1549 2871 2.
1602 2823 1764 2868 Consul
1794 2823 1863 2866 III
1893 2821 1984 2864 ord.
2013 2835 2053 2863 a.
2083 2817 2138 2861 97
2212 2807 2242 2883 Ξ

418 2904 517 2932 cum
543 2890 693 2933 Nerva
718 2891 786 2933 III
815 2892 933 2945 fasti.
994 2894 1045 2935 In
1087 2893 1313 2936 consulatu
1352 2894 1515 2949 gratias
1554 2899 1730 2936 acturus
1767 2891 1955 2950 principi
1985 2885 2139 2931 cecidit
2212 2891 2242 2937 Ξ

418 2964 460 3001 et
479 2973 590 3001 coxa
614 2958 752 3001 fracta
770 2960 923 3003 incidit
942 2962 986 3002 in
1007 2962 1306 3005 valetudinem
1326 2962 1443 3005 Ptin.
1466 2977 1528 3017 ep.
1547 2965 1591 3014 2,
1613 2966 1653 3013 1,
1673 2964 1712 3012 5,
1745 2975 1832 3003 non
1861 2961 1923 3002 ita
1947 2958 2137 3007 brevem,
2221 2952 2242 3014 ζ

419 3041 475 3069 ex
504 3041 591 3083 qua
618 3026 846 3070 defunctus
877 3036 942 3071 est
971 3031 1028 3072 ib.
1059 3034 1101 3081 2,
1123 3035 1161 3082 1,
1187 3035 1215 3073 4
1244 3032 1359 3086 (ante
1386 3030 1574 3073 Nervam
1604 3030 1845 3085 defunctam
1873 3039 2012 3070 mense
2039 3024 2137 3068 Ian.

421 3110 461 3137 a.
482 3098 549 3146 98,
578 3098 627 3137 at
638 3099 739 3149 post
759 3096 1041 3141 dubitationes
1055 3099 1266 3142 Asbachii
1283 3099 1491 3142 stabilivit
1510 3099 1564 3141 K
1566 3099 1652 3142 lebs
1670 3112 1773 3141 mas.
1796 3097 1932 3140 Rhea.
1952 3097 2019 3145 44,
2039 3092 2138 3142 275,
2229 3126 2242 3142 4

422 3166 518 3205 ante
546 3164 672 3218 finem
696 3164 828 3219 iyitar
858 3166 963 3207 armi
991 3170 1057 3220 97,
1089 3168 1190 3221 qaia
1221 3181 1313 3210 cam
1346 3168 1438 3222 ipso
1467 3181 1604 3210 mense
1632 3168 1729 3210 Ian.
1762 3166 1867 3209 anni
1895 3166 1951 3207 98
1970 3161 2140 3218 puynat

423 3231 615 3274 laudatio
641 3231 830 3275 Cornelii
854 3233 994 3275 Taciti
1021 3235 1214 3286 consulis,
1247 3237 1302 3290 cf.
1332 3236 1484 3291 infra),
1517 3251 1650 3278 annos
1680 3242 1808 3278 natus
1838 3240 1924 3276 tres
1956 3237 1999 3273 et
2027 3234 2140 3272 octo·

421 3299 544 3353 ginta
572 3304 616 3351 2,
641 3304 680 3351 1,
709 3304 760 3352 4,·
793 3301 987 3356 ‘triginta
1015 3304 1139 3344 annis
1169 3303 1332 3358 gloriae
1363 3319 1466 3347 suae
1495 3305 1755 3361 supervixit²
1786 3304 1844 3346 ib.
1873 3304 1916 3352 2,
1938 3304 1976 3351 1,
1998 3302 2037 3343 1.
2087 3296 2141 3339 In
2209 3295 2234 3358 {¹52

425 3365 575 3410 ultima
589 3367 836 3411 valetudine
858 3383 884 3411 a
900 3371 1237 3426 quinqueviratu
1253 3379 1502 3429 sumptuum
1519 3373 1794 3430 publicorum
1811 3367 2141 3414 minuendorum
