2242 3672
162 259 418 297 THEOCLIA
1025 256 1108 300 311
1685 263 1988 300 THEODOTVS

166 393 248 436 115
279 391 509 446 Theoclia,
552 393 703 436 Severi
744 393 986 437 Alexandri
1027 410 1172 446 soror,
1214 409 1343 452 quam
1384 395 1420 437 is
1461 394 1703 437 Maximino
1745 395 1904 438 iuniori
1946 395 1990 437 in

248 462 574 504 matrimonium
604 462 709 504 dare
741 462 963 517 cogitabat
991 464 1063 506 vit.
1097 463 1331 506 Maximin.
1355 467 1428 515 29,
1450 467 1489 506 1.
1511 467 1544 507 2
1573 462 1800 518 (suspect).

168 531 247 573 116
278 529 534 585 Theoclius,
569 530 959 574 ‘Caesareanorum
1005 538 1247 588 temporum
1279 533 1494 588 scriptor‘,
1527 532 1635 588 quid
1666 532 1720 574 de
1749 531 1989 575 Aureliano

250 598 443 641 nondum
473 599 704 656 imperium
732 599 890 656 adepto
921 600 1138 644 rettulerit
1166 602 1238 646 vit.
1263 601 1413 644 Aurel.
1440 604 1478 652 6,
1503 605 1543 646 4.

166 667 246 711 117
278 667 551 723 Theocritus,
580 667 779 711 Caesaris
805 683 971 723 servus,
1004 669 1238 726 aliquando
1260 670 1412 725 (Aelii)
1436 670 1605 713 Saoteri
1627 672 1808 724 παιδικοῖς
1839 678 1989 727 panto-

249 737 432 791 mimus,
475 752 501 779 a
531 752 615 793 quo
658 736 816 779 saltare
854 737 1082 781 Caracalla
1117 738 1292 794 didicit3
1332 740 1494 781 Romae
1534 738 1742 795 explosus
1781 739 1990 794 Lugduni

251 803 437 860 placuit3
469 804 586 861 apud
607 804 877 848 caracallam
899 813 1068 848 tantum
1090 808 1232 863 potuit
1262 814 1312 850 ut
1341 807 1447 849 nihil
1478 822 1584 863 prae
1616 823 1664 850 eo
1697 814 1841 850 essent
1870 823 1990 864 prae-

250 873 351 916 fecti
383 876 598 929 praetorio
620 873 709 916 Dio
732 878 797 925 77,
820 878 878 918 21
899 875 1053 930 (Xiph.
1078 876 1297 930 suppletus
1327 890 1378 918 ex
1407 890 1491 919 esce.
1526 875 1651 930 Vah).
1703 876 1741 918 A
1764 876 1993 920 Caracalla

251 958 357 985 cura
396 942 686 999 expeditionis
718 943 1005 986 Armeniacae
1045 946 1084 986 ei
1127 945 1354 987 commissa
1389 945 1673 1003 (στρατιάρχης
1711 947 1775 988 καὶ
1815 945 1993 1002 ἔπαρχος

216 1023 219 1026 ’
247 1011 408 1070 ἐγένετο
438 1025 525 1054 exc.
558 1012 676 1063 Val.;
716 1014 768 1066 ef.
805 1013 1045 1056 Mommsen
1077 1013 1135 1056 ad
1162 1014 1252 1056 III
1276 1014 1322 1057 S.
1354 1016 1464 1056 6809
1495 1014 1602 1069 fin),
1647 1029 1734 1071 qua
1768 1015 1992 1056 occasione

251 1080 389 1124 multa
410 1081 614 1136 turbavit,
638 1081 840 1124 Flavium
867 1083 1101 1137 Titianum,
1126 1089 1452 1139 procuratorem
1474 1082 1782 1137 Alexandriae,
1808 1083 1993 1124 interfici

254 1150 402 1204 iussit3
434 1149 490 1193 ab
514 1150 735 1193 Armeniis
763 1151 936 1206 fugatus
958 1151 1048 1194 Dio
1069 1151 1096 1196 l.
1119 1165 1155 1195 e.
1194 1151 1401 1194 Diversus
1430 1151 1596 1194 videtur
1615 1151 1823 1195 Aurelius
1860 1152 1993 1194 Theo-

252 1219 398 1270 critus,
430 1219 480 1262 de
514 1234 593 1273 quo
628 1234 664 1263 v.
696 1220 819 1274 infra
848 1221 924 1263 sub
962 1221 1207 1263 Titaniano.
1771 1233 1774 1236 ’

169 1288 250 1331 118
282 1287 550 1343 Theodorus,
572 1289 814 1344 Tarsensis,
842 1289 887 1331 in
909 1291 1032 1332 cuius
1058 1289 1201 1332 locum
1224 1289 1385 1331 Areum
1408 1296 1734 1346 procuratorem
1755 1291 1992 1348 (διοικητήν)

255 1358 300 1399 ἰη
333 1357 484 1401 Sicilia
514 1359 739 1400 constituit
768 1357 996 1412 Augustus
1016 1358 1138 1400 Plut.
1167 1358 1416 1413 apophthey.
1438 1374 1487 1413 p.
1509 1362 1599 1402 207
1605 1358 1660 1403 B.

171 1427 252 1470 119
284 1426 553 1482 Theodorus,
575 1426 735 1482 rhetor,
759 1426 986 1471 Gadareus
1003 1426 1163 1470 Strabo
1184 1430 1250 1477 16,
1267 1430 1310 1477 2,
1327 1429 1386 1470 29
1399 1442 1447 1481 p.
1465 1429 1558 1477 759,
1583 1427 1758 1481 Quintil.
1777 1431 1820 1478 2,
1838 1430 1903 1481 15,
1922 1432 1993 1471 21.

253 1499 293 1547 3,
316 1499 354 1547 1,
376 1499 443 1550 17,
476 1494 592 1538 Suet.
621 1496 713 1538 Tib.
734 1498 802 1545 57,
838 1495 948 1538 Theo
972 1509 1290 1550 proyymnasm.
1316 1499 1387 1545 12,
1407 1499 1450 1545 2,
1485 1495 1647 1538 Suidas
1675 1509 1709 1537 s.
1740 1510 1777 1538 v.
1807 1495 1993 1550 (origine

253 1564 403 1607 servili
433 1564 624 1620 Suidas),
659 1564 734 1606 sed
764 1563 986 1607 Rhodium
1016 1579 1062 1606 se
1093 1563 1180 1606 dici
1210 1564 1363 1607 maluit
1389 1564 1566 1618 Quintil.
1597 1568 1636 1615 3,
1666 1568 1704 1615 1,
1737 1568 1802 1609 17.
1862 1564 1993 1607 Nobi-

255 1634 445 1677 lissimus
475 1635 581 1676 artis
603 1633 845 1676 rhetoricae
865 1640 1122 1690 praeceptor
1141 1633 1431 1688 Hieronymus
1453 1633 1594 1676 chron.
1619 1633 1678 1675 ad
1697 1648 1735 1676 a.
1760 1633 1869 1675 Abr.
1886 1636 1995 1676 1984

255 1703 314 1757 (a.
345 1718 388 1746 u.
419 1718 455 1746 e.
487 1705 602 1759 721).
662 1703 927 1759 Praeceptor
957 1702 1125 1744 Tiberii
1155 1701 1271 1745 Suet.
1308 1702 1401 1745 Tib.
1431 1705 1499 1752 57,
1533 1702 1716 1752 Suiolas,
1749 1703 1803 1755 cf.
1834 1701 1995 1744 Seneca

252 1785 368 1815 suas.
398 1775 438 1822 3,
473 1774 510 1822 7,
553 1771 778 1814 etiamtum
812 1771 936 1828 pueri
979 1770 1095 1814 Suet.
1129 1770 1156 1813 l.
1188 1785 1221 1815 c.
1282 1771 1448 1813 Romae
1488 1770 1728 1826 disputavit
1767 1784 1856 1811 una
1894 1784 1993 1811 cum

255 1840 493 1883 Potamone
515 1846 557 1882 et
578 1838 810 1896 Antipatro
833 1838 995 1882 Suidas
1026 1839 1117 1894 (ubi
1145 1853 1253 1893 quae
1283 1838 1528 1890 adhaerent,
1561 1838 1705 1881 aliena
1734 1838 1872 1892 sunm
1902 1852 1994 1880 eam

255 1910 583 1966 disputationem
611 1909 806 1952 habitam
835 1923 921 1952 esse
953 1923 1064 1951 anno
1098 1911 1180 1952 725
1209 1908 1274 1951 vel
1310 1911 1394 1952 726
1424 1908 1601 1950 coniecit
1631 1906 1852 1951 &chorius
1882 1906 1994 1948 Rom

254 1994 296 2021 u.
314 1978 522 2034 Mytilene
533 1994 581 2033 p.
594 1982 664 2022 62.
681 1982 746 2022 63.
780 1978 894 2020 Eum
916 1977 1107 2020 studiose
1129 1977 1301 2020 audisse
1322 1977 1478 2032 Rhodi,
1503 1991 1602 2019 cum
1623 1978 1668 2018 in
1690 1991 1785 2018 eam
1807 1974 1991 2018 insulam

255 2064 300 2091 se
325 2049 557 2106 recepisset
577 2048 635 2103 (a.
657 2063 699 2090 u.
722 2063 758 2092 e.
781 2047 1040 2102 748—757),
1073 2047 1301 2090 dicebatur
1327 2047 1393 2089 Ti.
1417 2046 1579 2089 Caesar
1604 2045 1781 2099 Quintil.
1803 2048 1842 2095 3,
1865 2048 1903 2094 1,
1924 2047 1991 2087 17.

256 2117 441 2173 Scripsit
470 2132 556 2159 non
587 2132 727 2175 pauca
753 2117 930 2171 Quintil.
960 2120 1000 2167 3,
1032 2120 1069 2167 1,
1098 2119 1166 2159 18.
1219 2116 1321 2159 ‘Ars
1352 2115 1586 2158 Theodori'
1612 2114 1803 2158 Juvenal.
1827 2116 1865 2164 7,
1889 2116 1974 2156 177
1980 2126 1993 2163 ,·

253 2192 520 2229 memoratur
545 2186 708 2229 Seneca
731 2189 864 2228 contr.
880 2189 923 2236 2,
942 2189 980 2236 1,
997 2188 1052 2227 36
1060 2198 1074 2236 ,·
1098 2184 1187 2227 Dio
1215 2184 1433 2239 Chrysost.
1462 2198 1523 2226 or.
1549 2183 1597 2226 X
1608 2183 1731 2226 VIII
1743 2183 1852 2239 (περὶ
1872 2182 1992 2238 λόγου

255 2255 485 2311 ἀσκήσεως)
506 2270 556 2310 p.
588 2258 670 2298 480
705 2255 882 2305 Reiske,
923 2254 985 2296 II
1003 2269 1051 2309 p.
1082 2257 1167 2297 254
1198 2254 1260 2298 eol.
1293 2254 1343 2296 cle
1374 2253 1543 2295 Arnim.
1606 2252 1779 2296 Citatur
1815 2250 1993 2304 Quintil.

255 2329 298 2377 2,
330 2327 396 2376 15,
428 2328 500 2368 21.
531 2328 572 2375 3,
600 2327 639 2375 6,
662 2328 716 2376 2,·
743 2327 822 2375 36,·
851 2326 916 2366 51.
947 2326 987 2374 3,
1020 2327 1085 2374 11,
1111 2326 1150 2368 3.
1181 2327 1220 2374 4,
1247 2327 1286 2373 1,
1309 2326 1379 2366 23.
1408 2324 1446 2373 5,
1469 2326 1535 2373 13,
1556 2325 1635 2373 59,-
1661 2321 1829 2363 Fronto
1854 2335 1903 2374 p.
1925 2323 1992 2361 46.

254 2396 335 2437 159
371 2393 433 2436 ed.
471 2393 645 2444 Naber;
688 2393 870 2447 Lonyin.
912 2394 1000 2449 περὶ
1035 2394 1159 2449 ὕψους
1191 2395 1230 2442 3,
1267 2395 1313 2442 5,
1358 2391 1475 2434 Theo
1513 2403 1831 2446 proyymnasm.
1875 2388 1900 2432 l.
1943 2402 1990 2437 e.‚

253 2463 464 2518 Anonym.
494 2462 617 2520 τέχνη
648 2463 832 2519 ῥητορική
864 2476 932 2516 ap.
967 2461 1149 2516 Spenyel
1176 2461 1282 2505 rhet.
1311 2460 1465 2503 Graec.
1488 2461 1522 2503 I
1535 2475 1582 2514 p.
1606 2463 1697 2509 434,
1721 2462 1779 2502 25
1810 2459 1882 2512 (2-
1903 2457 1936 2498 Ι
1959 2459 1990 2499 2

255 2531 318 2574 ed.
339 2536 372 2575 2
393 2546 440 2586 p.
460 2534 554 2582 361,
577 2530 618 2576 1)
638 2533 712 2573 cet.
757 2529 1014 2586 Discipulus
1046 2530 1139 2572 eius
1171 2530 1466 2584 Hermagoras
1494 2527 1670 2582 Quintil.
1689 2532 1729 2577 3,
1751 2530 1790 2577 1,
1813 2528 1879 2567 18.
1922 2524 1992 2566 Ab

256 2615 305 2643 eo
340 2599 615 2643 ‘Theodorei‘
645 2599 822 2653 Quintil.
851 2602 891 2649 3,
922 2602 961 2649 1,
993 2601 1048 2641 18
1078 2599 1132 2652 cf.
1162 2602 1205 2648 2,
1238 2602 1304 2648 11,
1332 2601 1376 2642 2.
1405 2601 1445 2649 3,
1467 2601 1507 2648 3,
1528 2600 1568 2640 8.
1600 2600 1638 2647 4,
1661 2600 1704 2646 2,
1727 2599 1797 2645 32,
1831 2595 1993 2637 Seneca

254 2683 368 2713 suas.
386 2674 425 2720 3,
449 2672 498 2720 7,-
518 2668 736 2711 Theodori
759 2668 906 2710 schola
927 2668 1104 2721 Quintil.
1120 2670 1159 2719 3,
1179 2671 1241 2722 11,
1259 2671 1329 2718 26,
1354 2670 1379 2725 ἡ
1397 2667 1645 2723 Θεοδώρειος
1666 2666 1811 2722 αἵρεσις
1833 2664 1991 2708 Strabo

254 2741 319 2790 13,
343 2742 382 2789 4,
403 2741 431 2780 3
451 2753 500 2793 p.
524 2740 620 2781 625.
683 2736 750 2791 Cf.
780 2737 827 2780 0.
860 2737 925 2781 W
947 2736 1118 2779 Piderit
1148 2736 1197 2779 cle
1223 2737 1489 2791 Apollodoro
1511 2735 1772 2790 Peryameno
1794 2737 1832 2776 et
1859 2733 1992 2776 Theo-

256 2807 359 2850 doro
387 2806 635 2850 Gadarensi
661 2806 903 2850 rhetoribus
929 2805 1099 2861 [Marb.
1123 2805 1271 2861 1842].

184 2901 242 2905 -
284 2882 337 2918 M.
368 2882 545 2918 VLPIVS
577 2881 823 2917 OFELLIVS
854 2880 1172 2916 THEODORVS.

175 2945 254 2987 120
284 2943 554 2998 Theodotus,
601 2943 694 2985 dux
734 2942 948 2996 Gallieni,
995 2941 1290 2984 Aemilianum
1335 2941 1452 2998 apud
1494 2940 1744 2996 Aegyptum
1790 2937 1991 2979 conflictu

256 3012 403 3055 habito
435 3013 551 3068 cepit
579 3012 650 3054 vit.
677 3010 864 3055 Gallien.
885 3015 924 3061 4,
956 3015 1000 3061 2,
1030 3011 1127 3065 triy.
1160 3014 1237 3065 tyr.
1261 3015 1337 3061 22,
1359 3013 1400 3052 8.
1430 3013 1501 3059 26,
1523 3013 1549 3051 4
1581 3008 1669 3060 (vit.
1698 3006 1883 3049 Gallien.
1905 3009 1944 3055 4,
1966 3008 1992 3046 4

254 3095 386 3135 neque
429 3080 635 3123 Theodoti
667 3094 798 3134 neque
843 3079 1056 3122 Theodori
1091 3093 1243 3122 nomen
1282 3082 1429 3135 extat).
1498 3079 1653 3120 Frater
1692 3076 1783 3117 eius
1825 3073 1989 3116 Camsi-

258 3148 400 3191 soleus
442 3149 616 3190 natione
645 3147 893 3204 Aegyptius
929 3148 1026 3202 triy.
1058 3150 1138 3202 tyr.
1168 3151 1238 3199 26,
1268 3151 1309 3190 4.
1371 3146 1596 3191 Gallienus
1636 3159 1734 3186 cum
1766 3141 1989 3184 Theodoto

256 3217 388 3260 vellet
417 3217 647 3274 imperium
677 3215 985 3273 proconsulare
1008 3215 1252 3270 decernere,
1281 3231 1308 3258 a
1329 3213 1625 3257 sacerdotibus
1649 3218 1712 3254 est
1731 3209 1988 3267 prohibitus,

258 3287 333 3343 qui
364 3285 581 3340 dixerunt,
619 3285 757 3327 fasces
789 3283 1038 3326 consulares
1068 3284 1238 3339 ingredi
1270 3283 1583 3326 Alexandriam
1614 3295 1699 3322 non
1731 3279 1861 3320 licere
1893 3278 1990 3332 triy.

257 3357 336 3410 tyr.
357 3357 432 3406 22,
453 3357 520 3397 10.
543 3379 596 3384 -
615 3353 822 3397 Fortasse
841 3353 909 3396 hic
930 3351 1195 3407 Theodotus,
1228 3353 1342 3395 inter
1375 3366 1446 3393 eos
1478 3351 1554 3407 qui
1579 3348 1829 3399 Memorem,
1860 3346 1989 3389 rebus
