<?xml version="1.0" encoding="UTF-8"?>
<!DOCTYPE html PUBLIC "-//W3C//DTD XHTML 1.0 Transitional//EN"
    "http://www.w3.org/TR/xhtml1/DTD/xhtml1-transitional.dtd">
<html xmlns="http://www.w3.org/1999/xhtml" xml:lang="en" lang="en">
 <head>
  <title>
</title>
<meta http-equiv="Content-Type" content="text/html;charset=utf-8" />
  <meta name='ocr-system' content='tesseract 3.04.00' />
  <meta name='ocr-capabilities' content='ocr_page ocr_carea ocr_par ocr_line ocrx_word'/>
</head>
<body>
  <div class='ocr_page' id='page_1' title='image "./prosopographiaim03akaduoft_0225.png"; bbox 0 0 2242 3672; ppageno 0'>
   <div class='ocr_carea' id='block_1_1' title="bbox 148 244 1966 291">
    <p class='ocr_par' dir='ltr' id='par_1_1' title="bbox 148 244 1966 291">
     <span class='ocr_line' id='line_1_1' title="bbox 148 244 1966 291; baseline 0.002 -6"><span class='ocrx_word' id='word_1_1' title='bbox 148 248 413 291; x_wconf 72' lang='lat' dir='ltr'><strong>SEPTIMVS</strong></span> <span class='ocrx_word' id='word_1_2' title='bbox 1005 244 1099 288; x_wconf 68' lang='lat' dir='ltr'>r213</span> <span class='ocrx_word' id='word_1_3' title='bbox 1701 251 1966 289; x_wconf 83' lang='lat' dir='ltr'>SEPTIMIVS</span> 
     </span>
    </p>
   </div>
   <div class='ocr_carea' id='block_1_2' title="bbox 147 315 317 321">
    <p class='ocr_par' dir='ltr' id='par_1_2' title="bbox 147 315 317 321">
     <span class='ocr_line' id='line_1_2' title="bbox 147 315 317 321; baseline 0 0"><span class='ocrx_word' id='word_1_4' title='bbox 147 315 317 321; x_wconf 95' lang='lat' dir='ltr'> </span> 
     </span>
    </p>
   </div>
   <div class='ocr_carea' id='block_1_3' title="bbox 134 379 2028 3405">
    <p class='ocr_par' dir='ltr' id='par_1_3' title="bbox 134 379 1979 2015">
     <span class='ocr_line' id='line_1_3' title="bbox 230 379 1962 439; baseline 0.002 -15"><span class='ocrx_word' id='word_1_5' title='bbox 230 383 275 424; x_wconf 91' lang='lat' dir='ltr'>in</span> <span class='ocrx_word' id='word_1_6' title='bbox 304 379 456 424; x_wconf 88' lang='lat' dir='ltr'>Africa</span> <span class='ocrx_word' id='word_1_7' title='bbox 485 379 575 424; x_wconf 83' lang='lat' dir='ltr'>silv.</span> <span class='ocrx_word' id='word_1_8' title='bbox 606 383 645 430; x_wconf 99' lang='lat'>4,</span> <span class='ocrx_word' id='word_1_9' title='bbox 678 383 717 431; x_wconf 94' lang='lat'>5,</span> <span class='ocrx_word' id='word_1_10' title='bbox 748 384 820 432; x_wconf 97' lang='lat'>29,</span> <span class='ocrx_word' id='word_1_11' title='bbox 853 381 931 424; x_wconf 82' lang='lat' dir='ltr'>sed</span> <span class='ocrx_word' id='word_1_12' title='bbox 962 397 1070 439; x_wconf 89' lang='lat' dir='ltr'>puer</span> <span class='ocrx_word' id='word_1_13' title='bbox 1100 383 1147 424; x_wconf 95' lang='lat' dir='ltr'>in</span> <span class='ocrx_word' id='word_1_14' title='bbox 1175 382 1345 425; x_wconf 86' lang='lat' dir='ltr'>Italiam</span> <span class='ocrx_word' id='word_1_15' title='bbox 1377 382 1611 426; x_wconf 86' lang='lat' dir='ltr'>translatus</span> <span class='ocrx_word' id='word_1_16' title='bbox 1641 383 1698 427; x_wconf 86' lang='lat' dir='ltr'>ib.</span> <span class='ocrx_word' id='word_1_17' title='bbox 1729 397 1766 426; x_wconf 94' lang='lat' dir='ltr'>v.</span> <span class='ocrx_word' id='word_1_18' title='bbox 1797 387 1853 427; x_wconf 83' lang='lat'>37</span> <span class='ocrx_word' id='word_1_19' title='bbox 1880 397 1962 438; x_wconf 79' lang='lat' dir='ltr'>seq.</span> 
     </span>
     <span class='ocr_line' id='line_1_4' title="bbox 232 448 1967 508; baseline 0.001 -14"><span class='ocrx_word' id='word_1_20' title='bbox 232 448 566 506; x_wconf 79' lang='lat' dir='ltr'>Condiscipulus</span> <span class='ocrx_word' id='word_1_21' title='bbox 588 449 784 504; x_wconf 88' lang='lat' dir='ltr'>(Vitorii)</span> <span class='ocrx_word' id='word_1_22' title='bbox 806 450 1002 494; x_wconf 84' lang='lat' dir='ltr'>Marcelli</span> <span class='ocrx_word' id='word_1_23' title='bbox 1023 451 1114 495; x_wconf 91' lang='lat' dir='ltr'>silv.</span> <span class='ocrx_word' id='word_1_24' title='bbox 1135 455 1162 494; x_wconf 93' lang='lat'><strong><em>4</em></strong></span> <span class='ocrx_word' id='word_1_25' title='bbox 1183 453 1331 507; x_wconf 81' lang='lat' dir='ltr'>praef.</span> <span class='ocrx_word' id='word_1_26' title='bbox 1389 452 1554 496; x_wconf 80' lang='lat' dir='ltr'>Causas</span> <span class='ocrx_word' id='word_1_27' title='bbox 1575 453 1667 508; x_wconf 87' lang='lat' dir='ltr'>agit</span> <span class='ocrx_word' id='word_1_28' title='bbox 1686 452 1778 496; x_wconf 87' lang='lat' dir='ltr'>silv.</span> <span class='ocrx_word' id='word_1_29' title='bbox 1799 457 1839 504; x_wconf 91' lang='lat'>4,</span> <span class='ocrx_word' id='word_1_30' title='bbox 1857 455 1896 504; x_wconf 88' lang='grc'>5,</span> <span class='ocrx_word' id='word_1_31' title='bbox 1913 456 1967 496; x_wconf 89' lang='grc'>49</span> 
     </span>
     <span class='ocr_line' id='line_1_5' title="bbox 231 517 1970 577; baseline 0.001 -14"><span class='ocrx_word' id='word_1_32' title='bbox 231 520 286 575; x_wconf 81' lang='lat' dir='ltr'>cf.</span> <span class='ocrx_word' id='word_1_33' title='bbox 317 522 357 562; x_wconf 87' lang='lat'>3.</span> <span class='ocrx_word' id='word_1_34' title='bbox 416 517 554 562; x_wconf 89' lang='lat' dir='ltr'>Villas</span> <span class='ocrx_word' id='word_1_35' title='bbox 585 517 718 561; x_wconf 89' lang='lat' dir='ltr'>habet</span> <span class='ocrx_word' id='word_1_36' title='bbox 747 519 792 560; x_wconf 92' lang='lat' dir='ltr'>in</span> <span class='ocrx_word' id='word_1_37' title='bbox 823 534 926 575; x_wconf 86' lang='lat' dir='ltr'>agro</span> <span class='ocrx_word' id='word_1_38' title='bbox 958 521 1142 564; x_wconf 85' lang='lat' dir='ltr'>Veiente</span> <span class='ocrx_word' id='word_1_39' title='bbox 1171 535 1207 564; x_wconf 92' lang='lat' dir='ltr'>v.</span> <span class='ocrx_word' id='word_1_40' title='bbox 1238 524 1292 565; x_wconf 88' lang='lat'>55</span> <span class='ocrx_word' id='word_1_41' title='bbox 1332 522 1357 577; x_wconf 94' lang='lat'><em>(</em></span> <span class='ocrx_word' id='word_1_42' title='bbox 1358 522 1467 565; x_wconf 78' lang='lat' dir='ltr'>hanc</span> <span class='ocrx_word' id='word_1_43' title='bbox 1508 536 1536 564; x_wconf 91' lang='lat' dir='ltr'>a</span> <span class='ocrx_word' id='word_1_44' title='bbox 1567 525 1697 577; x_wconf 89' lang='lat' dir='ltr'>patre</span> <span class='ocrx_word' id='word_1_45' title='bbox 1726 525 1775 565; x_wconf 90' lang='lat' dir='ltr'>ut</span> <span class='ocrx_word' id='word_1_46' title='bbox 1802 522 1970 565; x_wconf 90' lang='lat' dir='ltr'>videtur</span> 
     </span>
     <span class='ocr_line' id='line_1_6' title="bbox 232 587 1970 645; baseline 0.001 -13"><span class='ocrx_word' id='word_1_47' title='bbox 232 587 478 644; x_wconf 75' lang='lat' dir='ltr'>acceptam),</span> <span class='ocrx_word' id='word_1_48' title='bbox 510 588 614 630; x_wconf 90' lang='lat' dir='ltr'>item</span> <span class='ocrx_word' id='word_1_49' title='bbox 636 587 837 643; x_wconf 81' lang='lat' dir='ltr'>Curibus,</span> <span class='ocrx_word' id='word_1_50' title='bbox 870 590 972 632; x_wconf 90' lang='lat' dir='ltr'>item</span> <span class='ocrx_word' id='word_1_51' title='bbox 1003 591 1048 632; x_wconf 92' lang='lat' dir='ltr'>in</span> <span class='ocrx_word' id='word_1_52' title='bbox 1079 604 1184 645; x_wconf 84' lang='lat' dir='ltr'>agro</span> <span class='ocrx_word' id='word_1_53' title='bbox 1205 591 1397 633; x_wconf 85' lang='lat' dir='ltr'>Hernico</span> <span class='ocrx_word' id='word_1_54' title='bbox 1426 605 1463 635; x_wconf 90' lang='lat' dir='ltr'>v.</span> <span class='ocrx_word' id='word_1_55' title='bbox 1486 593 1552 634; x_wconf 90' lang='lat'>56.</span> <span class='ocrx_word' id='word_1_56' title='bbox 1598 590 1740 635; x_wconf 89' lang='lat' dir='ltr'>Plane</span> <span class='ocrx_word' id='word_1_57' title='bbox 1764 592 1970 635; x_wconf 87' lang='lat' dir='ltr'>incertum</span> 
     </span>
     <span class='ocr_line' id='line_1_7' title="bbox 189 656 1968 716; baseline 0.002 -16"><span class='ocrx_word' id='word_1_58' title='bbox 189 702 192 706; x_wconf 49' lang='lat'><strong><em>,</em></strong></span> <span class='ocrx_word' id='word_1_59' title='bbox 230 672 332 700; x_wconf 87' lang='lat' dir='ltr'>num</span> <span class='ocrx_word' id='word_1_60' title='bbox 352 657 421 700; x_wconf 79' lang='lat' dir='ltr'>hic</span> <span class='ocrx_word' id='word_1_61' title='bbox 443 656 642 710; x_wconf 77' lang='lat' dir='ltr'>Severus,</span> <span class='ocrx_word' id='word_1_62' title='bbox 666 657 833 699; x_wconf 87' lang='lat' dir='ltr'>amicus</span> <span class='ocrx_word' id='word_1_63' title='bbox 853 658 1081 710; x_wconf 78' lang='lat' dir='ltr'>Martialis,</span> <span class='ocrx_word' id='word_1_64' title='bbox 1104 660 1178 716; x_wconf 91' lang='lat' dir='ltr'>qui</span> <span class='ocrx_word' id='word_1_65' title='bbox 1209 661 1301 716; x_wconf 90' lang='lat' dir='ltr'>ipse</span> <span class='ocrx_word' id='word_1_66' title='bbox 1333 661 1526 703; x_wconf 90' lang='lat' dir='ltr'>carmina</span> <span class='ocrx_word' id='word_1_67' title='bbox 1553 659 1742 703; x_wconf 82' lang='lat' dir='ltr'>faciebat</span> <span class='ocrx_word' id='word_1_68' title='bbox 1764 660 1968 703; x_wconf 89' lang='lat' dir='ltr'>Martial.</span> 
     </span>
     <span class='ocr_line' id='line_1_8' title="bbox 229 725 1965 786; baseline 0.001 -16"><span class='ocrx_word' id='word_1_69' title='bbox 229 730 295 778; x_wconf 93' lang='lat'>11,</span> <span class='ocrx_word' id='word_1_70' title='bbox 325 728 381 769; x_wconf 90' lang='lat'>57</span> <span class='ocrx_word' id='word_1_71' title='bbox 419 726 492 780; x_wconf 84' lang='lat' dir='ltr'>(cf.</span> <span class='ocrx_word' id='word_1_72' title='bbox 533 725 658 780; x_wconf 80' lang='lat' dir='ltr'>infra</span> <span class='ocrx_word' id='word_1_73' title='bbox 695 726 772 768; x_wconf 84' lang='lat' dir='ltr'>sub</span> <span class='ocrx_word' id='word_1_74' title='bbox 805 726 989 782; x_wconf 82' lang='lat' dir='ltr'>Severo).</span> <span class='ocrx_word' id='word_1_75' title='bbox 1059 727 1266 771; x_wconf 79' lang='lat' dir='ltr'>Fortasse</span> <span class='ocrx_word' id='word_1_76' title='bbox 1306 728 1374 771; x_wconf 77' lang='lat' dir='ltr'>hic</span> <span class='ocrx_word' id='word_1_77' title='bbox 1415 728 1462 773; x_wconf 84' lang='lat' dir='ltr'>O.</span> <span class='ocrx_word' id='word_1_78' title='bbox 1496 729 1732 786; x_wconf 87' lang='lat' dir='ltr'>Septimius</span> <span class='ocrx_word' id='word_1_79' title='bbox 1764 729 1965 785; x_wconf 80' lang='lat' dir='ltr'>Severus,</span> 
     </span>
     <span class='ocr_line' id='line_1_9' title="bbox 231 794 1742 854; baseline 0.001 -15"><span class='ocrx_word' id='word_1_80' title='bbox 231 795 280 839; x_wconf 85' lang='lat' dir='ltr'>C.</span> <span class='ocrx_word' id='word_1_81' title='bbox 314 795 356 851; x_wconf 91' lang='lat' dir='ltr'>f.‚</span> <span class='ocrx_word' id='word_1_82' title='bbox 384 794 500 837; x_wconf 90' lang='lat' dir='ltr'>tribu</span> <span class='ocrx_word' id='word_1_83' title='bbox 534 795 655 851; x_wconf 68' lang='lat' dir='ltr'>Pup„</span> <span class='ocrx_word' id='word_1_84' title='bbox 685 801 893 851; x_wconf 89' lang='lat' dir='ltr'>patronus</span> <span class='ocrx_word' id='word_1_85' title='bbox 925 797 1149 853; x_wconf 87' lang='lat' dir='ltr'>municipii</span> <span class='ocrx_word' id='word_1_86' title='bbox 1179 797 1304 840; x_wconf 88' lang='lat' dir='ltr'>XIV</span> <span class='ocrx_word' id='word_1_87' title='bbox 1322 801 1434 840; x_wconf 85' lang='lat'><strong><em>3004</em></strong></span> <span class='ocrx_word' id='word_1_88' title='bbox 1460 797 1742 854; x_wconf 77' lang='lat' dir='ltr'>(Praeneste).</span> 
     </span>
     <span class='ocr_line' id='line_1_10' title="bbox 134 864 1966 909; baseline 0.001 -2"><span class='ocrx_word' id='word_1_89' title='bbox 134 864 230 908; x_wconf 81' lang='lat'>&#39;346</span> <span class='ocrx_word' id='word_1_90' title='bbox 260 871 304 908; x_wconf 93' lang='lat' dir='ltr'>L.</span> <span class='ocrx_word' id='word_1_91' title='bbox 338 870 603 906; x_wconf 88' lang='lat' dir='ltr'><strong>SEPTIMIVS</strong></span> <span class='ocrx_word' id='word_1_92' title='bbox 646 870 872 906; x_wconf 89' lang='lat' dir='ltr'><strong>SEVERVS</strong></span> <span class='ocrx_word' id='word_1_93' title='bbox 907 885 961 899; x_wconf 70' lang='grc' dir='ltr'>Ξ</span> <span class='ocrx_word' id='word_1_94' title='bbox 990 872 1092 909; x_wconf 91' lang='grc' dir='ltr'><strong><em>ΙΜΡ.</em></strong></span> <span class='ocrx_word' id='word_1_95' title='bbox 1126 872 1322 908; x_wconf 86' lang='lat' dir='ltr'><strong>CAESAR</strong></span> <span class='ocrx_word' id='word_1_96' title='bbox 1362 873 1406 908; x_wconf 92' lang='lat' dir='ltr'>L.</span> <span class='ocrx_word' id='word_1_97' title='bbox 1441 873 1705 909; x_wconf 90' lang='lat' dir='ltr'><strong>SEPTIMIVS</strong></span> <span class='ocrx_word' id='word_1_98' title='bbox 1739 873 1966 909; x_wconf 89' lang='lat' dir='ltr'><strong>SEVERVS</strong></span> 
     </span>
     <span class='ocr_line' id='line_1_11' title="bbox 231 933 1967 990; baseline 0.002 -15"><span class='ocrx_word' id='word_1_99' title='bbox 231 939 488 975; x_wconf 86' lang='lat' dir='ltr'><strong>PERTINAX</strong></span> <span class='ocrx_word' id='word_1_100' title='bbox 508 938 777 975; x_wconf 85' lang='lat' dir='ltr'>AVGVSTVS.</span> <span class='ocrx_word' id='word_1_101' title='bbox 810 933 948 975; x_wconf 88' lang='lat' dir='ltr'>Natus</span> <span class='ocrx_word' id='word_1_102' title='bbox 969 934 1097 990; x_wconf 88' lang='lat' dir='ltr'>Lepti</span> <span class='ocrx_word' id='word_1_103' title='bbox 1117 935 1190 977; x_wconf 91' lang='lat' dir='ltr'>vit.</span> <span class='ocrx_word' id='word_1_104' title='bbox 1214 934 1308 978; x_wconf 82' lang='lat' dir='ltr'>Sev.</span> <span class='ocrx_word' id='word_1_105' title='bbox 1329 939 1366 986; x_wconf 91' lang='lat'>1,</span> <span class='ocrx_word' id='word_1_106' title='bbox 1392 939 1436 986; x_wconf 93' lang='lat'>2,</span> <span class='ocrx_word' id='word_1_107' title='bbox 1457 935 1640 990; x_wconf 86' lang='lat' dir='ltr'>Eutrop.</span> <span class='ocrx_word' id='word_1_108' title='bbox 1662 939 1701 987; x_wconf 91' lang='grc'>8,</span> <span class='ocrx_word' id='word_1_109' title='bbox 1725 938 1792 986; x_wconf 94' lang='grc'>18,</span> <span class='ocrx_word' id='word_1_110' title='bbox 1826 936 1967 978; x_wconf 78' lang='lat' dir='ltr'>Victor</span> 
     </span>
     <span class='ocr_line' id='line_1_12' title="bbox 154 1001 1969 1062; baseline 0.001 -17"><span class='ocrx_word' id='word_1_111' title='bbox 154 1059 155 1062; x_wconf 11' lang='grc' dir='ltr'><strong>Ἴ</strong></span> <span class='ocrx_word' id='word_1_112' title='bbox 234 1001 354 1046; x_wconf 79' lang='lat' dir='ltr'>Caes.</span> <span class='ocrx_word' id='word_1_113' title='bbox 376 1005 448 1053; x_wconf 94' lang='lat'>20,</span> <span class='ocrx_word' id='word_1_114' title='bbox 471 1004 524 1044; x_wconf 89' lang='grc'>19</span> <span class='ocrx_word' id='word_1_115' title='bbox 554 1002 651 1056; x_wconf 91' lang='lat' dir='ltr'>epit.</span> <span class='ocrx_word' id='word_1_116' title='bbox 673 1005 744 1052; x_wconf 90' lang='lat'>20,</span> <span class='ocrx_word' id='word_1_117' title='bbox 767 1004 795 1043; x_wconf 87' lang='grc'><em>8</em></span> <span class='ocrx_word' id='word_1_118' title='bbox 826 1002 1051 1058; x_wconf 73' lang='lat' dir='ltr'>(oriyinem</span> <span class='ocrx_word' id='word_1_119' title='bbox 1072 1004 1349 1058; x_wconf 89' lang='lat' dir='ltr'>Leptitanam</span> <span class='ocrx_word' id='word_1_120' title='bbox 1371 1004 1536 1047; x_wconf 88' lang='lat' dir='ltr'>videtur</span> <span class='ocrx_word' id='word_1_121' title='bbox 1566 1005 1811 1060; x_wconf 71' lang='lat' dir='ltr'>siqniftcare</span> <span class='ocrx_word' id='word_1_122' title='bbox 1841 1005 1969 1047; x_wconf 86' lang='lat' dir='ltr'>etiam</span> 
     </span>
     <span class='ocr_line' id='line_1_13' title="bbox 233 1070 1970 1128; baseline 0.001 -14"><span class='ocrx_word' id='word_1_123' title='bbox 233 1071 526 1114; x_wconf 71' lang='lat' dir='ltr'>Philostratus</span> <span class='ocrx_word' id='word_1_124' title='bbox 555 1071 626 1115; x_wconf 89' lang='lat' dir='ltr'>vit.</span> <span class='ocrx_word' id='word_1_125' title='bbox 658 1070 776 1125; x_wconf 78' lang='lat' dir='ltr'>soph.</span> <span class='ocrx_word' id='word_1_126' title='bbox 807 1074 850 1121; x_wconf 95' lang='lat'>2,</span> <span class='ocrx_word' id='word_1_127' title='bbox 882 1075 953 1122; x_wconf 91' lang='grc'><strong><em>20,</em></strong></span> <span class='ocrx_word' id='word_1_128' title='bbox 981 1075 1025 1123; x_wconf 88' lang='grc'><strong><em>2,</em></strong></span> <span class='ocrx_word' id='word_1_129' title='bbox 1059 1072 1172 1115; x_wconf 87' lang='lat' dir='ltr'>locus</span> <span class='ocrx_word' id='word_1_130' title='bbox 1203 1076 1343 1116; x_wconf 86' lang='lat' dir='ltr'>tamen</span> <span class='ocrx_word' id='word_1_131' title='bbox 1372 1074 1555 1127; x_wconf 83' lang='lat' dir='ltr'>fortasse</span> <span class='ocrx_word' id='word_1_132' title='bbox 1586 1077 1831 1128; x_wconf 87' lang='lat' dir='ltr'>corruptus;</span> <span class='ocrx_word' id='word_1_133' title='bbox 1861 1074 1970 1116; x_wconf 87' lang='lat' dir='ltr'>Afer</span> 
     </span>
     <span class='ocr_line' id='line_1_14' title="bbox 217 1131 1979 1200; baseline 0.001 -16"><span class='ocrx_word' id='word_1_134' title='bbox 217 1140 470 1194; x_wconf 25' lang='lat' dir='ltr'>&gt;Hero-dian.</span> <span class='ocrx_word' id='word_1_135' title='bbox 494 1144 538 1191; x_wconf 87' lang='grc'><strong><em>2,</em></strong></span> <span class='ocrx_word' id='word_1_136' title='bbox 569 1143 607 1192; x_wconf 90' lang='grc'>9,</span> <span class='ocrx_word' id='word_1_137' title='bbox 637 1144 681 1191; x_wconf 91' lang='grc'><strong><em>2,</em></strong></span> <span class='ocrx_word' id='word_1_138' title='bbox 713 1141 819 1195; x_wconf 74' lang='lat' dir='ltr'>Rus.</span> <span class='ocrx_word' id='word_1_139' title='bbox 852 1141 1006 1184; x_wconf 77' lang='lat' dir='ltr'>Festus</span> <span class='ocrx_word' id='word_1_140' title='bbox 1036 1142 1121 1197; x_wconf 85' lang='grc'><strong><em>21),</em></strong></span> <span class='ocrx_word' id='word_1_141' title='bbox 1155 1150 1279 1200; x_wconf 87' lang='lat' dir='ltr'>patre</span> <span class='ocrx_word' id='word_1_142' title='bbox 1310 1144 1358 1187; x_wconf 94' lang='lat' dir='ltr'>P.</span> <span class='ocrx_word' id='word_1_143' title='bbox 1393 1143 1599 1200; x_wconf 87' lang='lat' dir='ltr'>Septimio</span> <span class='ocrx_word' id='word_1_144' title='bbox 1630 1144 1743 1188; x_wconf 85' lang='lat' dir='ltr'>Geta</span> <span class='ocrx_word' id='word_1_145' title='bbox 1774 1143 1899 1186; x_wconf 88' lang='lat' dir='ltr'>VIII</span> <span class='ocrx_word' id='word_1_146' title='bbox 1922 1131 1979 1187; x_wconf 74' lang='lat' dir='ltr'>S.‘</span> 
     </span>
     <span class='ocr_line' id='line_1_15' title="bbox 234 1209 1971 1268; baseline 0.002 -16"><span class='ocrx_word' id='word_1_147' title='bbox 234 1213 380 1261; x_wconf 84' lang='lat'><strong><em>19493,</em></strong></span> <span class='ocrx_word' id='word_1_148' title='bbox 402 1211 474 1252; x_wconf 91' lang='lat' dir='ltr'>vit.</span> <span class='ocrx_word' id='word_1_149' title='bbox 492 1214 530 1261; x_wconf 91' lang='lat'>1,</span> <span class='ocrx_word' id='word_1_150' title='bbox 547 1213 590 1260; x_wconf 89' lang='grc'><strong><em>2,</em></strong></span> <span class='ocrx_word' id='word_1_151' title='bbox 613 1217 751 1252; x_wconf 84' lang='lat' dir='ltr'>matre</span> <span class='ocrx_word' id='word_1_152' title='bbox 772 1209 929 1252; x_wconf 81' lang='lat' dir='ltr'>Fulvia</span> <span class='ocrx_word' id='word_1_153' title='bbox 951 1212 1030 1253; x_wconf 89' lang='lat' dir='ltr'>Pia</span> <span class='ocrx_word' id='word_1_154' title='bbox 1047 1212 1120 1254; x_wconf 86' lang='lat' dir='ltr'>vit.</span> <span class='ocrx_word' id='word_1_155' title='bbox 1143 1212 1168 1254; x_wconf 94' lang='lat' dir='ltr'>l.</span> <span class='ocrx_word' id='word_1_156' title='bbox 1194 1226 1240 1268; x_wconf 86' lang='lat' dir='ltr'>c.,</span> <span class='ocrx_word' id='word_1_157' title='bbox 1264 1227 1376 1254; x_wconf 90' lang='lat' dir='ltr'>anno</span> <span class='ocrx_word' id='word_1_158' title='bbox 1402 1214 1482 1255; x_wconf 86' lang='grc'><strong><em>146</em></strong></span> <span class='ocrx_word' id='word_1_159' title='bbox 1501 1213 1573 1255; x_wconf 89' lang='lat' dir='ltr'>vit.</span> <span class='ocrx_word' id='word_1_160' title='bbox 1589 1216 1628 1263; x_wconf 92' lang='lat'>1,</span> <span class='ocrx_word' id='word_1_161' title='bbox 1649 1215 1677 1254; x_wconf 86' lang='lat'><em>3</em></span> <span class='ocrx_word' id='word_1_162' title='bbox 1698 1213 1876 1265; x_wconf 86' lang='lat' dir='ltr'>(annum</span> <span class='ocrx_word' id='word_1_163' title='bbox 1892 1215 1971 1256; x_wconf 91' lang='lat'>145</span> 
     </span>
     <span class='ocr_line' id='line_1_16' title="bbox 233 1278 1971 1337; baseline 0.002 -16"><span class='ocrx_word' id='word_1_164' title='bbox 233 1279 397 1322; x_wconf 86' lang='lat' dir='ltr'>indicat</span> <span class='ocrx_word' id='word_1_165' title='bbox 425 1278 515 1322; x_wconf 90' lang='lat' dir='ltr'>Dio</span> <span class='ocrx_word' id='word_1_166' title='bbox 547 1282 611 1330; x_wconf 92' lang='lat'>76,</span> <span class='ocrx_word' id='word_1_167' title='bbox 643 1283 700 1321; x_wconf 88' lang='lat'>17</span> <span class='ocrx_word' id='word_1_168' title='bbox 726 1280 907 1336; x_wconf 90' lang='lat' dir='ltr'>[Zonar.</span> <span class='ocrx_word' id='word_1_169' title='bbox 939 1284 1008 1330; x_wconf 91' lang='grc'>12,</span> <span class='ocrx_word' id='word_1_170' title='bbox 1041 1280 1131 1337; x_wconf 92' lang='grc'><strong><em>10],</em></strong></span> <span class='ocrx_word' id='word_1_171' title='bbox 1163 1282 1261 1324; x_wconf 89' lang='lat' dir='ltr'>item</span> <span class='ocrx_word' id='word_1_172' title='bbox 1293 1282 1436 1324; x_wconf 90' lang='lat' dir='ltr'>Victor</span> <span class='ocrx_word' id='word_1_173' title='bbox 1466 1282 1563 1336; x_wconf 89' lang='lat' dir='ltr'>epit.</span> <span class='ocrx_word' id='word_1_174' title='bbox 1595 1284 1664 1332; x_wconf 92' lang='lat'>20,</span> <span class='ocrx_word' id='word_1_175' title='bbox 1696 1295 1854 1324; x_wconf 89' lang='lat' dir='ltr'>annum</span> <span class='ocrx_word' id='word_1_176' title='bbox 1881 1284 1971 1325; x_wconf 89' lang='lat'>122</span> 
     </span>
     <span class='ocr_line' id='line_1_17' title="bbox 230 1348 1970 1405; baseline 0.001 -14"><span class='ocrx_word' id='word_1_177' title='bbox 230 1350 303 1394; x_wconf 90' lang='lat' dir='ltr'>vit.</span> <span class='ocrx_word' id='word_1_178' title='bbox 335 1349 476 1394; x_wconf 81' lang='lat' dir='ltr'>Sever.</span> <span class='ocrx_word' id='word_1_179' title='bbox 496 1352 571 1399; x_wconf 89' lang='lat'><strong><em>22,</em></strong></span> <span class='ocrx_word' id='word_1_180' title='bbox 598 1352 636 1399; x_wconf 91' lang='lat'>1,</span> <span class='ocrx_word' id='word_1_181' title='bbox 669 1349 740 1390; x_wconf 87' lang='lat' dir='ltr'>vit.</span> <span class='ocrx_word' id='word_1_182' title='bbox 773 1348 972 1391; x_wconf 87' lang='lat' dir='ltr'>Pescenn.</span> <span class='ocrx_word' id='word_1_183' title='bbox 1007 1349 1140 1404; x_wconf 70' lang='lat' dir='ltr'>Niyri</span> <span class='ocrx_word' id='word_1_184' title='bbox 1167 1353 1205 1401; x_wconf 89' lang='lat'><strong><em>5,</em></strong></span> <span class='ocrx_word' id='word_1_185' title='bbox 1238 1356 1277 1401; x_wconf 89' lang='lat'>1,</span> <span class='ocrx_word' id='word_1_186' title='bbox 1310 1351 1365 1404; x_wconf 83' lang='lat' dir='ltr'>cf.</span> <span class='ocrx_word' id='word_1_187' title='bbox 1392 1350 1576 1405; x_wconf 86' lang='lat' dir='ltr'>Eutrop.</span> <span class='ocrx_word' id='word_1_188' title='bbox 1606 1353 1646 1401; x_wconf 91' lang='lat'>8,</span> <span class='ocrx_word' id='word_1_189' title='bbox 1679 1354 1753 1393; x_wconf 90' lang='lat'>19:</span> <span class='ocrx_word' id='word_1_190' title='bbox 1782 1350 1970 1392; x_wconf 81' lang='lat' dir='ltr'>decessit</span> 
     </span>
     <span class='ocr_line' id='line_1_18' title="bbox 136 1417 1971 1475; baseline 0 -14"><span class='ocrx_word' id='word_1_191' title='bbox 136 1445 139 1447; x_wconf 94' lang='lat'><em>-</em></span> <span class='ocrx_word' id='word_1_192' title='bbox 165 1467 167 1469; x_wconf 36' lang='grc'><strong><em>,</em></strong></span> <span class='ocrx_word' id='word_1_193' title='bbox 231 1418 465 1461; x_wconf 86' lang='lat' dir='ltr'>admodum</span> <span class='ocrx_word' id='word_1_194' title='bbox 498 1418 662 1472; x_wconf 82' lang='lat' dir='ltr'>senex),</span> <span class='ocrx_word' id='word_1_195' title='bbox 697 1417 737 1459; x_wconf 91' lang='lat' dir='ltr'>d.</span> <span class='ocrx_word' id='word_1_196' title='bbox 770 1418 838 1460; x_wconf 88' lang='lat' dir='ltr'>III</span> <span class='ocrx_word' id='word_1_197' title='bbox 870 1418 965 1460; x_wconf 88' lang='lat' dir='ltr'>idus</span> <span class='ocrx_word' id='word_1_198' title='bbox 997 1418 1102 1475; x_wconf 88' lang='lat' dir='ltr'>Apr.</span> <span class='ocrx_word' id='word_1_199' title='bbox 1130 1419 1218 1461; x_wconf 90' lang='lat' dir='ltr'>Dio</span> <span class='ocrx_word' id='word_1_200' title='bbox 1250 1423 1315 1470; x_wconf 91' lang='lat'>76,</span> <span class='ocrx_word' id='word_1_201' title='bbox 1347 1423 1405 1462; x_wconf 87' lang='lat'>17</span> <span class='ocrx_word' id='word_1_202' title='bbox 1413 1433 1426 1472; x_wconf 90' lang='lat'>,·</span> <span class='ocrx_word' id='word_1_203' title='bbox 1449 1433 1645 1475; x_wconf 75' lang='lat' dir='ltr'>papyrus</span> <span class='ocrx_word' id='word_1_204' title='bbox 1676 1434 1745 1474; x_wconf 85' lang='lat' dir='ltr'>ap.</span> <span class='ocrx_word' id='word_1_205' title='bbox 1780 1419 1971 1463; x_wconf 71' lang='lat' dir='ltr'>Wizeken</span> 
     </span>
     <span class='ocr_line' id='line_1_19' title="bbox 231 1486 1969 1543; baseline 0.001 -13"><span class='ocrx_word' id='word_1_206' title='bbox 231 1487 377 1530; x_wconf 90' lang='lat' dir='ltr'>Herm.</span> <span class='ocrx_word' id='word_1_207' title='bbox 396 1490 467 1538; x_wconf 91' lang='lat'><strong><em>20,</em></strong></span> <span class='ocrx_word' id='word_1_208' title='bbox 494 1489 604 1529; x_wconf 88' lang='grc'><strong><em>1885</em></strong></span> <span class='ocrx_word' id='word_1_209' title='bbox 625 1501 673 1541; x_wconf 89' lang='lat' dir='ltr'>p.</span> <span class='ocrx_word' id='word_1_210' title='bbox 698 1489 778 1529; x_wconf 86' lang='grc'><strong><em>439</em></strong></span> <span class='ocrx_word' id='word_1_211' title='bbox 811 1487 864 1541; x_wconf 82' lang='lat' dir='ltr'>cf.</span> <span class='ocrx_word' id='word_1_212' title='bbox 888 1501 936 1541; x_wconf 88' lang='lat' dir='ltr'>p.</span> <span class='ocrx_word' id='word_1_213' title='bbox 961 1490 1070 1538; x_wconf 89' lang='grc'><strong><em>473;</em></strong></span> <span class='ocrx_word' id='word_1_214' title='bbox 1099 1487 1208 1541; x_wconf 80' lang='lat' dir='ltr'>fasti</span> <span class='ocrx_word' id='word_1_215' title='bbox 1225 1487 1522 1531; x_wconf 77' lang='lat' dir='ltr'>Philocaliani</span> <span class='ocrx_word' id='word_1_216' title='bbox 1548 1491 1587 1531; x_wconf 88' lang='lat' dir='ltr'>et</span> <span class='ocrx_word' id='word_1_217' title='bbox 1612 1488 1802 1532; x_wconf 79' lang='lat' dir='ltr'>Silviani</span> <span class='ocrx_word' id='word_1_218' title='bbox 1831 1486 1969 1543; x_wconf 79' lang='lat' dir='ltr'>(CIL.</span> 
     </span>
     <span class='ocr_line' id='line_1_20' title="bbox 231 1555 1970 1610; baseline 0.001 -13"><span class='ocrx_word' id='word_1_219' title='bbox 231 1556 265 1608; x_wconf 89' lang='lat' dir='ltr'><em>I</em></span> <span class='ocrx_word' id='word_1_220' title='bbox 288 1555 350 1610; x_wconf 85' lang='lat' dir='ltr'>ed.</span> <span class='ocrx_word' id='word_1_221' title='bbox 378 1559 411 1599; x_wconf 90' lang='lat'><strong><em>2</em></strong></span> <span class='ocrx_word' id='word_1_222' title='bbox 430 1569 480 1610; x_wconf 85' lang='lat' dir='ltr'>p.</span> <span class='ocrx_word' id='word_1_223' title='bbox 501 1557 597 1599; x_wconf 82' lang='lat'><strong><em>255.</em></strong></span> <span class='ocrx_word' id='word_1_224' title='bbox 628 1558 730 1598; x_wconf 87' lang='lat'><strong><em>262.</em></strong></span> <span class='ocrx_word' id='word_1_225' title='bbox 759 1558 844 1598; x_wconf 88' lang='lat'><strong><em>263</em></strong></span> <span class='ocrx_word' id='word_1_226' title='bbox 875 1555 929 1609; x_wconf 83' lang='lat' dir='ltr'>cf.</span> <span class='ocrx_word' id='word_1_227' title='bbox 954 1570 1001 1610; x_wconf 88' lang='lat' dir='ltr'>p.</span> <span class='ocrx_word' id='word_1_228' title='bbox 1021 1555 1145 1610; x_wconf 83' lang='grc'><strong><em>301),·</em></strong></span> <span class='ocrx_word' id='word_1_229' title='bbox 1176 1557 1230 1610; x_wconf 84' lang='lat' dir='ltr'>cf.</span> <span class='ocrx_word' id='word_1_230' title='bbox 1258 1556 1347 1598; x_wconf 91' lang='lat' dir='ltr'>Dio</span> <span class='ocrx_word' id='word_1_231' title='bbox 1375 1559 1440 1607; x_wconf 87' lang='lat'><strong><em>78,</em></strong></span> <span class='ocrx_word' id='word_1_232' title='bbox 1463 1560 1528 1600; x_wconf 90' lang='lat'>11.</span> <span class='ocrx_word' id='word_1_233' title='bbox 1550 1560 1608 1599; x_wconf 90' lang='lat'>17</span> <span class='ocrx_word' id='word_1_234' title='bbox 1617 1571 1627 1610; x_wconf 86' lang='lat'><em>;</em></span> <span class='ocrx_word' id='word_1_235' title='bbox 1659 1557 1732 1610; x_wconf 77' lang='lat' dir='ltr'>qui</span> <span class='ocrx_word' id='word_1_236' title='bbox 1756 1557 1843 1599; x_wconf 85' lang='lat' dir='ltr'>dies</span> <span class='ocrx_word' id='word_1_237' title='bbox 1875 1571 1970 1599; x_wconf 93' lang='lat' dir='ltr'>con-</span> 
     </span>
     <span class='ocr_line' id='line_1_21' title="bbox 209 1624 1967 1680; baseline 0.001 -13"><span class='ocrx_word' id='word_1_238' title='bbox 209 1638 210 1641; x_wconf 50' lang='lat'><em>*</em></span> <span class='ocrx_word' id='word_1_239' title='bbox 230 1625 432 1680; x_wconf 72' lang='lat' dir='ltr'>firmatur</span> <span class='ocrx_word' id='word_1_240' title='bbox 462 1624 598 1666; x_wconf 88' lang='lat' dir='ltr'>titulis</span> <span class='ocrx_word' id='word_1_241' title='bbox 627 1624 704 1666; x_wconf 86' lang='lat' dir='ltr'>sub</span> <span class='ocrx_word' id='word_1_242' title='bbox 735 1624 913 1679; x_wconf 88' lang='lat' dir='ltr'>imperio</span> <span class='ocrx_word' id='word_1_243' title='bbox 944 1625 1032 1666; x_wconf 87' lang='lat' dir='ltr'>eius</span> <span class='ocrx_word' id='word_1_244' title='bbox 1063 1639 1108 1667; x_wconf 90' lang='lat' dir='ltr'>eo</span> <span class='ocrx_word' id='word_1_245' title='bbox 1139 1626 1232 1679; x_wconf 91' lang='lat' dir='ltr'>ipso</span> <span class='ocrx_word' id='word_1_246' title='bbox 1263 1625 1330 1668; x_wconf 88' lang='lat' dir='ltr'>die</span> <span class='ocrx_word' id='word_1_247' title='bbox 1361 1625 1567 1668; x_wconf 89' lang='lat' dir='ltr'>dedicatis</span> <span class='ocrx_word' id='word_1_248' title='bbox 1586 1626 1667 1668; x_wconf 93' lang='lat' dir='ltr'>XI</span> <span class='ocrx_word' id='word_1_249' title='bbox 1679 1629 1811 1670; x_wconf 88' lang='lat'><strong><em>1322.</em></strong></span> <span class='ocrx_word' id='word_1_250' title='bbox 1840 1625 1967 1668; x_wconf 87' lang='lat' dir='ltr'>XIV</span> 
     </span>
     <span class='ocr_line' id='line_1_22' title="bbox 230 1693 1970 1748; baseline 0 -10"><span class='ocrx_word' id='word_1_251' title='bbox 230 1697 323 1738; x_wconf 88' lang='lat'>168.</span> <span class='ocrx_word' id='word_1_252' title='bbox 354 1697 449 1745; x_wconf 89' lang='lat'><strong><em>169,</em></strong></span> <span class='ocrx_word' id='word_1_253' title='bbox 479 1696 527 1735; x_wconf 89' lang='lat' dir='ltr'>ut</span> <span class='ocrx_word' id='word_1_254' title='bbox 557 1694 792 1736; x_wconf 79' lang='lat' dir='ltr'>observavit</span> <span class='ocrx_word' id='word_1_255' title='bbox 816 1693 1069 1747; x_wconf 73' lang='lat' dir='ltr'>Hirschfeld</span> <span class='ocrx_word' id='word_1_256' title='bbox 1102 1694 1272 1737; x_wconf 67' lang='lat' dir='ltr'>Wiener</span> <span class='ocrx_word' id='word_1_257' title='bbox 1303 1694 1483 1738; x_wconf 78' lang='lat' dir='ltr'>Studien</span> <span class='ocrx_word' id='word_1_258' title='bbox 1512 1695 1545 1748; x_wconf 82' lang='lat' dir='ltr'>f.</span> <span class='ocrx_word' id='word_1_259' title='bbox 1579 1694 1701 1738; x_wconf 87' lang='lat' dir='ltr'>class.</span> <span class='ocrx_word' id='word_1_260' title='bbox 1723 1694 1839 1737; x_wconf 76' lang='lat' dir='ltr'>Phil.</span> <span class='ocrx_word' id='word_1_261' title='bbox 1861 1697 1970 1738; x_wconf 89' lang='lat'><strong><em>1884</em></strong></span> 
     </span>
     <span class='ocr_line' id='line_1_23' title="bbox 222 1762 1967 1819; baseline -0.001 -12"><span class='ocrx_word' id='word_1_262' title='bbox 222 1779 270 1819; x_wconf 90' lang='lat' dir='ltr'>p.</span> <span class='ocrx_word' id='word_1_263' title='bbox 293 1767 379 1807; x_wconf 89' lang='lat'>120</span> <span class='ocrx_word' id='word_1_264' title='bbox 410 1763 493 1818; x_wconf 87' lang='lat' dir='ltr'>(VI</span> <span class='ocrx_word' id='word_1_265' title='bbox 521 1762 618 1804; x_wconf 87' lang='lat' dir='ltr'>idus</span> <span class='ocrx_word' id='word_1_266' title='bbox 650 1762 756 1819; x_wconf 89' lang='lat' dir='ltr'>Apr.</span> <span class='ocrx_word' id='word_1_267' title='bbox 789 1763 860 1805; x_wconf 89' lang='lat' dir='ltr'>vit.</span> <span class='ocrx_word' id='word_1_268' title='bbox 882 1765 921 1813; x_wconf 89' lang='lat'>1,</span> <span class='ocrx_word' id='word_1_269' title='bbox 942 1766 981 1813; x_wconf 90' lang='grc'><strong><em>3,</em></strong></span> <span class='ocrx_word' id='word_1_270' title='bbox 1013 1763 1154 1805; x_wconf 88' lang='lat' dir='ltr'>minus</span> <span class='ocrx_word' id='word_1_271' title='bbox 1174 1766 1315 1818; x_wconf 85' lang='lat' dir='ltr'>reete).</span> <span class='ocrx_word' id='word_1_272' title='bbox 1346 1788 1404 1793; x_wconf 88' lang='lat'>—</span> <span class='ocrx_word' id='word_1_273' title='bbox 1434 1762 1602 1806; x_wconf 90' lang='lat' dir='ltr'>Octavo</span> <span class='ocrx_word' id='word_1_274' title='bbox 1644 1763 1812 1806; x_wconf 87' lang='lat' dir='ltr'>decimo</span> <span class='ocrx_word' id='word_1_275' title='bbox 1853 1779 1967 1806; x_wconf 91' lang='lat' dir='ltr'>anno</span> 
     </span>
     <span class='ocr_line' id='line_1_24' title="bbox 231 1831 1969 1890; baseline -0.001 -15"><span class='ocrx_word' id='word_1_276' title='bbox 231 1831 406 1890; x_wconf 87' lang='lat' dir='ltr'>publice</span> <span class='ocrx_word' id='word_1_277' title='bbox 437 1831 697 1874; x_wconf 87' lang='lat' dir='ltr'>declamavit</span> <span class='ocrx_word' id='word_1_278' title='bbox 725 1832 798 1873; x_wconf 90' lang='lat' dir='ltr'>vit.</span> <span class='ocrx_word' id='word_1_279' title='bbox 830 1835 868 1882; x_wconf 93' lang='lat'>1,</span> <span class='ocrx_word' id='word_1_280' title='bbox 899 1834 939 1874; x_wconf 92' lang='lat'>5.</span> <span class='ocrx_word' id='word_1_281' title='bbox 1000 1832 1158 1874; x_wconf 85' lang='lat' dir='ltr'>Postea</span> <span class='ocrx_word' id='word_1_282' title='bbox 1189 1832 1433 1875; x_wconf 88' lang='lat' dir='ltr'>studiorum</span> <span class='ocrx_word' id='word_1_283' title='bbox 1463 1846 1594 1874; x_wconf 90' lang='lat' dir='ltr'>causa</span> <span class='ocrx_word' id='word_1_284' title='bbox 1622 1832 1805 1875; x_wconf 87' lang='lat' dir='ltr'>Romam</span> <span class='ocrx_word' id='word_1_285' title='bbox 1834 1835 1969 1875; x_wconf 88' lang='lat' dir='ltr'>venit.</span> 
     </span>
     <span class='ocr_line' id='line_1_25' title="bbox 232 1900 1969 1958; baseline -0.001 -14"><span class='ocrx_word' id='word_1_286' title='bbox 232 1902 368 1944; x_wconf 87' lang='lat' dir='ltr'>latum</span> <span class='ocrx_word' id='word_1_287' title='bbox 408 1900 581 1943; x_wconf 88' lang='lat' dir='ltr'>clavum</span> <span class='ocrx_word' id='word_1_288' title='bbox 617 1916 643 1943; x_wconf 94' lang='lat' dir='ltr'>a</span> <span class='ocrx_word' id='word_1_289' title='bbox 679 1900 780 1943; x_wconf 82' lang='lat' dir='ltr'>divo</span> <span class='ocrx_word' id='word_1_290' title='bbox 810 1900 959 1943; x_wconf 89' lang='lat' dir='ltr'>Marco</span> <span class='ocrx_word' id='word_1_291' title='bbox 1002 1902 1111 1957; x_wconf 87' lang='lat' dir='ltr'>petit</span> <span class='ocrx_word' id='word_1_292' title='bbox 1146 1908 1187 1943; x_wconf 90' lang='lat' dir='ltr'>et</span> <span class='ocrx_word' id='word_1_293' title='bbox 1226 1902 1406 1957; x_wconf 87' lang='lat' dir='ltr'>accepit,</span> <span class='ocrx_word' id='word_1_294' title='bbox 1443 1901 1616 1943; x_wconf 80' lang='lat' dir='ltr'>favente</span> <span class='ocrx_word' id='word_1_295' title='bbox 1647 1901 1729 1943; x_wconf 87' lang='lat' dir='ltr'>sibi</span> <span class='ocrx_word' id='word_1_296' title='bbox 1760 1901 1969 1958; x_wconf 86' lang='lat' dir='ltr'>Septimio</span> 
     </span>
     <span class='ocr_line' id='line_1_26' title="bbox 233 1968 1384 2024; baseline -0.001 -10"><span class='ocrx_word' id='word_1_297' title='bbox 233 1971 396 2015; x_wconf 81' lang='lat' dir='ltr'>Severo</span> <span class='ocrx_word' id='word_1_298' title='bbox 427 1970 561 2013; x_wconf 86' lang='lat' dir='ltr'>adfini</span> <span class='ocrx_word' id='word_1_299' title='bbox 595 1985 687 2024; x_wconf 83' lang='lat' dir='ltr'>suo,</span> <span class='ocrx_word' id='word_1_300' title='bbox 716 1968 783 2011; x_wconf 83' lang='lat' dir='ltr'>bis</span> <span class='ocrx_word' id='word_1_301' title='bbox 814 1971 900 2012; x_wconf 87' lang='lat' dir='ltr'>iam</span> <span class='ocrx_word' id='word_1_302' title='bbox 933 1969 1149 2012; x_wconf 87' lang='lat' dir='ltr'>consulari</span> <span class='ocrx_word' id='word_1_303' title='bbox 1180 1971 1252 2012; x_wconf 89' lang='lat' dir='ltr'>vit.</span> <span class='ocrx_word' id='word_1_304' title='bbox 1284 1974 1322 2021; x_wconf 87' lang='lat'>1,</span> <span class='ocrx_word' id='word_1_305' title='bbox 1346 1973 1384 2013; x_wconf 87' lang='lat'>5.</span> 
     </span>
    </p>

    <p class='ocr_par' dir='ltr' id='par_1_4' title="bbox 230 2001 2028 2716">
     <span class='ocr_line' id='line_1_27' title="bbox 316 2001 1968 2093; baseline 0 -10"><span class='ocrx_word' id='word_1_306' title='bbox 316 2039 570 2083; x_wconf 86' lang='lat' dir='ltr'>Advocatus</span> <span class='ocrx_word' id='word_1_307' title='bbox 601 2038 695 2080; x_wconf 88' lang='lat' dir='ltr'>fisci</span> <span class='ocrx_word' id='word_1_308' title='bbox 725 2038 970 2093; x_wconf 89' lang='lat' dir='ltr'>Eutrop.8,</span> <span class='ocrx_word' id='word_1_309' title='bbox 993 2041 1060 2090; x_wconf 90' lang='lat'>18,</span> <span class='ocrx_word' id='word_1_310' title='bbox 1104 2039 1208 2081; x_wconf 88' lang='lat' dir='ltr'>Vi.ct</span> <span class='ocrx_word' id='word_1_311' title='bbox 1238 2038 1357 2082; x_wconf 83' lang='lat' dir='ltr'>Caes.</span> <span class='ocrx_word' id='word_1_312' title='bbox 1378 2042 1450 2089; x_wconf 91' lang='lat'>20,</span> <span class='ocrx_word' id='word_1_313' title='bbox 1472 2042 1538 2089; x_wconf 89' lang='lat'>30,</span> <span class='ocrx_word' id='word_1_314' title='bbox 1571 2039 1642 2082; x_wconf 91' lang='lat' dir='ltr'>vit.</span> <span class='ocrx_word' id='word_1_315' title='bbox 1672 2037 1826 2081; x_wconf 83' lang='lat' dir='ltr'>Carac.</span> <span class='ocrx_word' id='word_1_316' title='bbox 1857 2001 1897 2091; x_wconf 88' lang='lat'>8,</span> <span class='ocrx_word' id='word_1_317' title='bbox 1927 2043 1968 2092; x_wconf 91' lang='grc'><strong><em>3,</em></strong></span> 
     </span>
     <span class='ocr_line' id='line_1_28' title="bbox 230 2107 1967 2159; baseline -0.001 -7"><span class='ocrx_word' id='word_1_318' title='bbox 230 2110 303 2152; x_wconf 86' lang='lat' dir='ltr'>vit.</span> <span class='ocrx_word' id='word_1_319' title='bbox 343 2109 437 2153; x_wconf 81' lang='lat' dir='ltr'>Get.</span> <span class='ocrx_word' id='word_1_320' title='bbox 469 2111 513 2159; x_wconf 84' lang='lat'>2,</span> <span class='ocrx_word' id='word_1_321' title='bbox 542 2112 588 2159; x_wconf 91' lang='lat'>4,</span> <span class='ocrx_word' id='word_1_322' title='bbox 626 2108 765 2150; x_wconf 82' lang='lat' dir='ltr'>faetus</span> <span class='ocrx_word' id='word_1_323' title='bbox 797 2123 823 2149; x_wconf 92' lang='lat' dir='ltr'>a</span> <span class='ocrx_word' id='word_1_324' title='bbox 852 2107 911 2151; x_wconf 93' lang='lat' dir='ltr'>M.</span> <span class='ocrx_word' id='word_1_325' title='bbox 945 2107 1122 2150; x_wconf 89' lang='lat' dir='ltr'>Aurelio</span> <span class='ocrx_word' id='word_1_326' title='bbox 1156 2107 1259 2150; x_wconf 88' lang='lat' dir='ltr'>Vict.</span> <span class='ocrx_word' id='word_1_327' title='bbox 1290 2107 1317 2150; x_wconf 93' lang='lat' dir='ltr'>l.</span> <span class='ocrx_word' id='word_1_328' title='bbox 1350 2122 1407 2158; x_wconf 92' lang='lat' dir='ltr'>c.,</span> <span class='ocrx_word' id='word_1_329' title='bbox 1450 2107 1504 2149; x_wconf 91' lang='lat' dir='ltr'>ab</span> <span class='ocrx_word' id='word_1_330' title='bbox 1534 2107 1755 2149; x_wconf 89' lang='lat' dir='ltr'>Antonino</span> <span class='ocrx_word' id='word_1_331' title='bbox 1786 2108 1866 2150; x_wconf 91' lang='lat' dir='ltr'>Pio</span> <span class='ocrx_word' id='word_1_332' title='bbox 1896 2110 1967 2152; x_wconf 89' lang='lat' dir='ltr'>vit.</span> 
     </span>
     <span class='ocr_line' id='line_1_29' title="bbox 235 2176 1967 2233; baseline -0.001 -11"><span class='ocrx_word' id='word_1_333' title='bbox 235 2178 329 2223; x_wconf 65' lang='lat' dir='ltr'>Get.</span> <span class='ocrx_word' id='word_1_334' title='bbox 375 2178 400 2223; x_wconf 89' lang='lat' dir='ltr'>l.</span> <span class='ocrx_word' id='word_1_335' title='bbox 449 2192 482 2222; x_wconf 89' lang='lat' dir='ltr'>c.</span> <span class='ocrx_word' id='word_1_336' title='bbox 553 2177 644 2220; x_wconf 91' lang='lat' dir='ltr'>Sub</span> <span class='ocrx_word' id='word_1_337' title='bbox 691 2176 764 2231; x_wconf 80' lang='lat' dir='ltr'>(Q.</span> <span class='ocrx_word' id='word_1_338' title='bbox 812 2176 1034 2231; x_wconf 83' lang='lat' dir='ltr'>Cervidio)</span> <span class='ocrx_word' id='word_1_339' title='bbox 1082 2176 1292 2219; x_wconf 85' lang='lat' dir='ltr'>Scaevola</span> <span class='ocrx_word' id='word_1_340' title='bbox 1335 2176 1556 2233; x_wconf 87' lang='lat' dir='ltr'>professus</span> <span class='ocrx_word' id='word_1_341' title='bbox 1601 2191 1700 2218; x_wconf 90' lang='lat' dir='ltr'>cum</span> <span class='ocrx_word' id='word_1_342' title='bbox 1745 2176 1967 2232; x_wconf 88' lang='lat' dir='ltr'>(Aemilio)</span> 
     </span>
     <span class='ocr_line' id='line_1_30' title="bbox 231 2244 1969 2304; baseline -0.001 -14"><span class='ocrx_word' id='word_1_343' title='bbox 231 2248 485 2304; x_wconf 83' lang='lat' dir='ltr'>Papiniano,</span> <span class='ocrx_word' id='word_1_344' title='bbox 520 2247 594 2303; x_wconf 90' lang='lat' dir='ltr'>qui</span> <span class='ocrx_word' id='word_1_345' title='bbox 628 2247 665 2287; x_wconf 83' lang='lat' dir='ltr'>ei</span> <span class='ocrx_word' id='word_1_346' title='bbox 697 2247 740 2287; x_wconf 92' lang='lat' dir='ltr'>in</span> <span class='ocrx_word' id='word_1_347' title='bbox 771 2245 1058 2287; x_wconf 86' lang='lat' dir='ltr'>advocatione</span> <span class='ocrx_word' id='word_1_348' title='bbox 1078 2245 1169 2287; x_wconf 90' lang='lat' dir='ltr'>fisci</span> <span class='ocrx_word' id='word_1_349' title='bbox 1192 2246 1399 2287; x_wconf 87' lang='lat' dir='ltr'>successit</span> <span class='ocrx_word' id='word_1_350' title='bbox 1418 2245 1490 2287; x_wconf 88' lang='lat' dir='ltr'>vit.</span> <span class='ocrx_word' id='word_1_351' title='bbox 1515 2244 1670 2287; x_wconf 83' lang='lat' dir='ltr'>Carae.</span> <span class='ocrx_word' id='word_1_352' title='bbox 1693 2244 1720 2286; x_wconf 94' lang='lat' dir='ltr'>l.</span> <span class='ocrx_word' id='word_1_353' title='bbox 1745 2259 1778 2287; x_wconf 93' lang='lat' dir='ltr'>c.</span> <span class='ocrx_word' id='word_1_354' title='bbox 1802 2245 1868 2301; x_wconf 87' lang='lat' dir='ltr'>(de</span> <span class='ocrx_word' id='word_1_355' title='bbox 1888 2261 1969 2300; x_wconf 81' lang='lat' dir='ltr'>quo</span> 
     </span>
     <span class='ocr_line' id='line_1_31' title="bbox 233 2313 2028 2371; baseline -0.001 -11"><span class='ocrx_word' id='word_1_356' title='bbox 233 2317 334 2360; x_wconf 85' lang='lat' dir='ltr'>loco·</span> <span class='ocrx_word' id='word_1_357' title='bbox 362 2317 415 2371; x_wconf 80' lang='lat' dir='ltr'>cf.</span> <span class='ocrx_word' id='word_1_358' title='bbox 447 2316 687 2358; x_wconf 76' lang='lat' dir='ltr'>Mommsen</span> <span class='ocrx_word' id='word_1_359' title='bbox 718 2314 864 2364; x_wconf 86' lang='lat' dir='ltr'>Herm.</span> <span class='ocrx_word' id='word_1_360' title='bbox 895 2317 966 2364; x_wconf 89' lang='lat'>25,</span> <span class='ocrx_word' id='word_1_361' title='bbox 998 2313 1115 2369; x_wconf 87' lang='lat'><strong><em>288).</em></strong></span> <span class='ocrx_word' id='word_1_362' title='bbox 1176 2315 1338 2356; x_wconf 84' lang='lat' dir='ltr'>‘Primo</span> <span class='ocrx_word' id='word_1_363' title='bbox 1378 2313 1543 2368; x_wconf 85' lang='lat' dir='ltr'>litteris,</span> <span class='ocrx_word' id='word_1_364' title='bbox 1586 2313 1744 2355; x_wconf 86' lang='lat' dir='ltr'>deinde</span> <span class='ocrx_word' id='word_1_365' title='bbox 1775 2314 1966 2358; x_wconf 88' lang='lat' dir='ltr'>imbutus</span> <span class='ocrx_word' id='word_1_366' title='bbox 2022 2315 2028 2319; x_wconf 74' lang='grc'><strong>’</strong></span> 
     </span>
     <span class='ocr_line' id='line_1_32' title="bbox 232 2382 1968 2429; baseline -0.001 -1"><span class='ocrx_word' id='word_1_367' title='bbox 232 2386 340 2429; x_wconf 87' lang='lat' dir='ltr'>foro‘</span> <span class='ocrx_word' id='word_1_368' title='bbox 390 2385 494 2428; x_wconf 83' lang='lat' dir='ltr'>Vict.</span> <span class='ocrx_word' id='word_1_369' title='bbox 541 2384 662 2427; x_wconf 81' lang='lat' dir='ltr'>Caes.</span> <span class='ocrx_word' id='word_1_370' title='bbox 703 2387 774 2427; x_wconf 88' lang='lat'><strong><em>20.</em></strong></span> <span class='ocrx_word' id='word_1_371' title='bbox 845 2384 949 2425; x_wconf 88' lang='lat' dir='ltr'>Post</span> <span class='ocrx_word' id='word_1_372' title='bbox 998 2383 1327 2425; x_wconf 83' lang='lat' dir='ltr'>advocationem</span> <span class='ocrx_word' id='word_1_373' title='bbox 1375 2383 1466 2424; x_wconf 81' lang='lat' dir='ltr'>fisci</span> <span class='ocrx_word' id='word_1_374' title='bbox 1518 2382 1718 2425; x_wconf 87' lang='lat' dir='ltr'>tribunus</span> <span class='ocrx_word' id='word_1_375' title='bbox 1769 2383 1968 2426; x_wconf 89' lang='lat' dir='ltr'>militaris</span> 
     </span>
     <span class='ocr_line' id='line_1_33' title="bbox 231 2450 1967 2509; baseline -0.001 -12"><span class='ocrx_word' id='word_1_376' title='bbox 231 2455 415 2509; x_wconf 89' lang='lat' dir='ltr'>Eutrop.</span> <span class='ocrx_word' id='word_1_377' title='bbox 449 2453 474 2496; x_wconf 89' lang='lat' dir='ltr'>l.</span> <span class='ocrx_word' id='word_1_378' title='bbox 507 2467 541 2496; x_wconf 89' lang='lat' dir='ltr'>c.</span> <span class='ocrx_word' id='word_1_379' title='bbox 573 2452 662 2508; x_wconf 66' lang='lat' dir='ltr'>(sed</span> <span class='ocrx_word' id='word_1_380' title='bbox 691 2452 954 2494; x_wconf 84' lang='lat' dir='ltr'>tribunatum</span> <span class='ocrx_word' id='word_1_381' title='bbox 986 2452 1183 2493; x_wconf 87' lang='lat' dir='ltr'>omissum</span> <span class='ocrx_word' id='word_1_382' title='bbox 1214 2465 1299 2494; x_wconf 88' lang='lat' dir='ltr'>esse</span> <span class='ocrx_word' id='word_1_383' title='bbox 1330 2465 1358 2493; x_wconf 93' lang='lat' dir='ltr'>a</span> <span class='ocrx_word' id='word_1_384' title='bbox 1379 2450 1532 2494; x_wconf 81' lang='lat' dir='ltr'>Severo</span> <span class='ocrx_word' id='word_1_385' title='bbox 1561 2454 1719 2493; x_wconf 90' lang='lat' dir='ltr'>narrat</span> <span class='ocrx_word' id='word_1_386' title='bbox 1747 2452 1836 2493; x_wconf 90' lang='lat' dir='ltr'>vita</span> <span class='ocrx_word' id='word_1_387' title='bbox 1860 2455 1902 2503; x_wconf 93' lang='lat'>2,</span> <span class='ocrx_word' id='word_1_388' title='bbox 1926 2456 1967 2504; x_wconf 89' lang='grc'>3,</span> 
     </span>
     <span class='ocr_line' id='line_1_34' title="bbox 232 2520 1966 2578; baseline -0.001 -12"><span class='ocrx_word' id='word_1_389' title='bbox 232 2524 287 2578; x_wconf 76' lang='lat' dir='ltr'>cf.</span> <span class='ocrx_word' id='word_1_390' title='bbox 323 2522 473 2578; x_wconf 83' lang='lat' dir='ltr'>infra).</span> <span class='ocrx_word' id='word_1_391' title='bbox 532 2522 639 2564; x_wconf 84' lang='lat' dir='ltr'>Tota</span> <span class='ocrx_word' id='word_1_392' title='bbox 677 2521 781 2563; x_wconf 77' lang='lat' dir='ltr'>haec</span> <span class='ocrx_word' id='word_1_393' title='bbox 819 2522 1016 2563; x_wconf 88' lang='lat' dir='ltr'>narratio</span> <span class='ocrx_word' id='word_1_394' title='bbox 1054 2520 1102 2563; x_wconf 90' lang='lat' dir='ltr'>de</span> <span class='ocrx_word' id='word_1_395' title='bbox 1139 2520 1411 2563; x_wconf 88' lang='lat' dir='ltr'>advocatione</span> <span class='ocrx_word' id='word_1_396' title='bbox 1446 2520 1542 2575; x_wconf 69' lang='lat' dir='ltr'>fisci</span> <span class='ocrx_word' id='word_1_397' title='bbox 1576 2520 1724 2563; x_wconf 80' lang='lat' dir='ltr'>Severi</span> <span class='ocrx_word' id='word_1_398' title='bbox 1760 2525 1966 2576; x_wconf 87' lang='lat' dir='ltr'>suspecta,</span> 
     </span>
     <span class='ocr_line' id='line_1_35' title="bbox 233 2589 1968 2648; baseline -0.002 -12"><span class='ocrx_word' id='word_1_399' title='bbox 233 2594 386 2648; x_wconf 80' lang='lat' dir='ltr'>quippe</span> <span class='ocrx_word' id='word_1_400' title='bbox 406 2593 554 2647; x_wconf 72' lang='lat' dir='ltr'>iynota</span> <span class='ocrx_word' id='word_1_401' title='bbox 575 2592 613 2634; x_wconf 87' lang='lat' dir='ltr'>ei</span> <span class='ocrx_word' id='word_1_402' title='bbox 639 2591 851 2645; x_wconf 85' lang='lat' dir='ltr'>scriptori,</span> <span class='ocrx_word' id='word_1_403' title='bbox 885 2591 958 2644; x_wconf 76' lang='lat' dir='ltr'>qui</span> <span class='ocrx_word' id='word_1_404' title='bbox 986 2591 1239 2632; x_wconf 86' lang='lat' dir='ltr'>iuventutem</span> <span class='ocrx_word' id='word_1_405' title='bbox 1260 2589 1408 2633; x_wconf 82' lang='lat' dir='ltr'>Severi</span> <span class='ocrx_word' id='word_1_406' title='bbox 1437 2592 1635 2632; x_wconf 87' lang='lat' dir='ltr'>accurate</span> <span class='ocrx_word' id='word_1_407' title='bbox 1660 2590 1878 2632; x_wconf 78' lang='lat' dir='ltr'>enarravit</span> <span class='ocrx_word' id='word_1_408' title='bbox 1895 2591 1968 2635; x_wconf 91' lang='lat' dir='ltr'>vit.</span> 
     </span>
     <span class='ocr_line' id='line_1_36' title="bbox 235 2662 534 2716; baseline -0.007 -10"><span class='ocrx_word' id='word_1_409' title='bbox 235 2662 375 2706; x_wconf 80' lang='lat' dir='ltr'>Sever.</span> <span class='ocrx_word' id='word_1_410' title='bbox 398 2665 423 2704; x_wconf 90' lang='lat'><strong><em>1</em></strong></span> <span class='ocrx_word' id='word_1_411' title='bbox 453 2675 534 2716; x_wconf 77' lang='lat' dir='ltr'>seq.</span> 
     </span>
    </p>

    <p class='ocr_par' dir='ltr' id='par_1_5' title="bbox 234 2726 1968 2852">
     <span class='ocr_line' id='line_1_37' title="bbox 322 2726 1968 2786; baseline -0.002 -13"><span class='ocrx_word' id='word_1_412' title='bbox 322 2731 566 2773; x_wconf 89' lang='lat' dir='ltr'>‘Iuventam</span> <span class='ocrx_word' id='word_1_413' title='bbox 608 2729 781 2786; x_wconf 88' lang='lat' dir='ltr'>plenam</span> <span class='ocrx_word' id='word_1_414' title='bbox 821 2728 1039 2782; x_wconf 83' lang='lat' dir='ltr'>furorum,</span> <span class='ocrx_word' id='word_1_415' title='bbox 1081 2742 1410 2784; x_wconf 90' lang='lat' dir='ltr'>nonnumquam</span> <span class='ocrx_word' id='word_1_416' title='bbox 1451 2734 1493 2769; x_wconf 92' lang='lat' dir='ltr'>et</span> <span class='ocrx_word' id='word_1_417' title='bbox 1531 2727 1761 2769; x_wconf 91' lang='lat' dir='ltr'>criminum</span> <span class='ocrx_word' id='word_1_418' title='bbox 1791 2726 1968 2782; x_wconf 82' lang='lat' dir='ltr'>habuit3</span> 
     </span>
     <span class='ocr_line' id='line_1_38' title="bbox 234 2795 1968 2852; baseline -0.002 -10"><span class='ocrx_word' id='word_1_419' title='bbox 234 2799 435 2842; x_wconf 86' lang='lat' dir='ltr'>adulterii</span> <span class='ocrx_word' id='word_1_420' title='bbox 467 2813 643 2841; x_wconf 87' lang='lat' dir='ltr'>causam</span> <span class='ocrx_word' id='word_1_421' title='bbox 674 2798 788 2840; x_wconf 83' lang='lat' dir='ltr'>dixit</span> <span class='ocrx_word' id='word_1_422' title='bbox 817 2796 1127 2852; x_wconf 85' lang='lat' dir='ltr'>absolutusque</span> <span class='ocrx_word' id='word_1_423' title='bbox 1158 2802 1223 2838; x_wconf 88' lang='lat' dir='ltr'>est</span> <span class='ocrx_word' id='word_1_424' title='bbox 1243 2811 1269 2838; x_wconf 89' lang='lat' dir='ltr'>a</span> <span class='ocrx_word' id='word_1_425' title='bbox 1290 2795 1459 2838; x_wconf 90' lang='lat' dir='ltr'>Iuliano</span> <span class='ocrx_word' id='word_1_426' title='bbox 1486 2795 1759 2852; x_wconf 85' lang='lat' dir='ltr'>proconsule‘</span> <span class='ocrx_word' id='word_1_427' title='bbox 1783 2796 1855 2841; x_wconf 90' lang='lat' dir='ltr'>vit.</span> <span class='ocrx_word' id='word_1_428' title='bbox 1877 2800 1920 2848; x_wconf 87' lang='lat'>2,</span> <span class='ocrx_word' id='word_1_429' title='bbox 1943 2800 1968 2839; x_wconf 89' lang='lat'><strong><em>1</em></strong></span> 
     </span>
    </p>

    <p class='ocr_par' dir='ltr' id='par_1_6' title="bbox 184 2864 1972 3268">
     <span class='ocr_line' id='line_1_39' title="bbox 184 2864 1970 2924; baseline 0 -16"><span class='ocrx_word' id='word_1_430' title='bbox 184 2906 186 2908; x_wconf 76' lang='grc'><strong><em>,</em></strong></span> <span class='ocrx_word' id='word_1_431' title='bbox 233 2868 414 2924; x_wconf 90' lang='lat' dir='ltr'>(videtur</span> <span class='ocrx_word' id='word_1_432' title='bbox 452 2867 694 2923; x_wconf 66' lang='lat' dir='ltr'>siqnifilcari</span> <span class='ocrx_word' id='word_1_433' title='bbox 732 2866 933 2914; x_wconf 86' lang='lat' dir='ltr'>Iulianus</span> <span class='ocrx_word' id='word_1_434' title='bbox 973 2865 1130 2918; x_wconf 76' lang='lat' dir='ltr'>aliquis</span> <span class='ocrx_word' id='word_1_435' title='bbox 1161 2864 1395 2919; x_wconf 90' lang='lat' dir='ltr'>proconsul</span> <span class='ocrx_word' id='word_1_436' title='bbox 1422 2864 1622 2918; x_wconf 85' lang='lat' dir='ltr'>Africae,</span> <span class='ocrx_word' id='word_1_437' title='bbox 1664 2865 1711 2907; x_wconf 87' lang='lat' dir='ltr'>in</span> <span class='ocrx_word' id='word_1_438' title='bbox 1750 2867 1836 2919; x_wconf 79' lang='lat' dir='ltr'>qua</span> <span class='ocrx_word' id='word_1_439' title='bbox 1865 2880 1970 2920; x_wconf 88' lang='lat' dir='ltr'>pro-</span> 
     </span>
     <span class='ocr_line' id='line_1_40' title="bbox 229 2933 1971 2988; baseline -0.002 -9"><span class='ocrx_word' id='word_1_440' title='bbox 229 2938 372 2980; x_wconf 87' lang='lat' dir='ltr'>vincia</span> <span class='ocrx_word' id='word_1_441' title='bbox 412 2937 591 2980; x_wconf 80' lang='lat' dir='ltr'>Severus</span> <span class='ocrx_word' id='word_1_442' title='bbox 633 2935 960 2978; x_wconf 82' lang='lat' dir='ltr'>adulescentiam</span> <span class='ocrx_word' id='word_1_443' title='bbox 1000 2934 1130 2988; x_wconf 74' lang='lat' dir='ltr'>eyisse</span> <span class='ocrx_word' id='word_1_444' title='bbox 1160 2933 1383 2988; x_wconf 88' lang='lat' dir='ltr'>putandus</span> <span class='ocrx_word' id='word_1_445' title='bbox 1423 2936 1483 2976; x_wconf 86' lang='lat' dir='ltr'>est</span> <span class='ocrx_word' id='word_1_446' title='bbox 1491 2947 1505 2985; x_wconf 88' lang='lat'>,·</span> <span class='ocrx_word' id='word_1_447' title='bbox 1548 2948 1633 2976; x_wconf 90' lang='lat' dir='ltr'>non</span> <span class='ocrx_word' id='word_1_448' title='bbox 1676 2937 1786 2976; x_wconf 88' lang='lat' dir='ltr'>reete</span> <span class='ocrx_word' id='word_1_449' title='bbox 1833 2938 1971 2977; x_wconf 89' lang='lat' dir='ltr'>autem</span> 
     </span>
     <span class='ocr_line' id='line_1_41' title="bbox 234 3002 1972 3059; baseline -0.003 -10"><span class='ocrx_word' id='word_1_450' title='bbox 234 3006 409 3049; x_wconf 82' lang='lat' dir='ltr'>additur</span> <span class='ocrx_word' id='word_1_451' title='bbox 438 3007 509 3048; x_wconf 87' lang='lat' dir='ltr'>vit.</span> <span class='ocrx_word' id='word_1_452' title='bbox 543 3005 568 3049; x_wconf 94' lang='lat' dir='ltr'>l.</span> <span class='ocrx_word' id='word_1_453' title='bbox 602 3019 635 3047; x_wconf 92' lang='lat' dir='ltr'>c.</span> <span class='ocrx_word' id='word_1_454' title='bbox 669 3004 727 3046; x_wconf 89' lang='lat' dir='ltr'>ad</span> <span class='ocrx_word' id='word_1_455' title='bbox 755 3003 926 3046; x_wconf 89' lang='lat' dir='ltr'>Iuliani</span> <span class='ocrx_word' id='word_1_456' title='bbox 953 3017 1103 3045; x_wconf 84' lang='lat' dir='ltr'>nomen</span> <span class='ocrx_word' id='word_1_457' title='bbox 1136 3003 1222 3044; x_wconf 88' lang='lat' dir='ltr'>‘cui</span> <span class='ocrx_word' id='word_1_458' title='bbox 1265 3009 1307 3044; x_wconf 88' lang='lat' dir='ltr'>et</span> <span class='ocrx_word' id='word_1_459' title='bbox 1344 3004 1388 3045; x_wconf 91' lang='lat' dir='ltr'>in</span> <span class='ocrx_word' id='word_1_460' title='bbox 1427 3002 1737 3059; x_wconf 87' lang='lat' dir='ltr'>proconsulatu</span> <span class='ocrx_word' id='word_1_461' title='bbox 1766 3004 1972 3045; x_wconf 86' lang='lat' dir='ltr'>successit</span> 
     </span>
     <span class='ocr_line' id='line_1_42' title="bbox 235 3071 1972 3127; baseline -0.002 -10"><span class='ocrx_word' id='word_1_462' title='bbox 235 3082 277 3117; x_wconf 92' lang='lat' dir='ltr'>et</span> <span class='ocrx_word' id='word_1_463' title='bbox 306 3076 351 3117; x_wconf 92' lang='lat' dir='ltr'>in</span> <span class='ocrx_word' id='word_1_464' title='bbox 383 3074 610 3117; x_wconf 90' lang='lat' dir='ltr'>consulatu</span> <span class='ocrx_word' id='word_1_465' title='bbox 641 3072 806 3126; x_wconf 85' lang='lat' dir='ltr'>collega</span> <span class='ocrx_word' id='word_1_466' title='bbox 835 3071 919 3113; x_wconf 88' lang='lat' dir='ltr'>fuit</span> <span class='ocrx_word' id='word_1_467' title='bbox 950 3078 991 3113; x_wconf 91' lang='lat' dir='ltr'>et</span> <span class='ocrx_word' id='word_1_468' title='bbox 1018 3072 1061 3112; x_wconf 92' lang='lat' dir='ltr'>in</span> <span class='ocrx_word' id='word_1_469' title='bbox 1083 3072 1261 3127; x_wconf 90' lang='lat' dir='ltr'>imperio</span> <span class='ocrx_word' id='word_1_470' title='bbox 1283 3072 1385 3113; x_wconf 90' lang='lat' dir='ltr'>item</span> <span class='ocrx_word' id='word_1_471' title='bbox 1409 3072 1659 3125; x_wconf 81' lang='lat' dir='ltr'>successit’3</span> <span class='ocrx_word' id='word_1_472' title='bbox 1689 3085 1791 3113; x_wconf 91' lang='lat' dir='ltr'>nam</span> <span class='ocrx_word' id='word_1_473' title='bbox 1810 3071 1972 3114; x_wconf 84' lang='lat' dir='ltr'>Didius</span> 
     </span>
     <span class='ocr_line' id='line_1_43' title="bbox 233 3139 1972 3195; baseline -0.002 -8"><span class='ocrx_word' id='word_1_474' title='bbox 233 3144 446 3194; x_wconf 89' lang='lat' dir='ltr'>Iulianus,</span> <span class='ocrx_word' id='word_1_475' title='bbox 481 3143 550 3185; x_wconf 89' lang='lat' dir='ltr'>cui</span> <span class='ocrx_word' id='word_1_476' title='bbox 570 3142 749 3186; x_wconf 79' lang='lat' dir='ltr'>Severus</span> <span class='ocrx_word' id='word_1_477' title='bbox 779 3141 825 3182; x_wconf 89' lang='lat' dir='ltr'>in</span> <span class='ocrx_word' id='word_1_478' title='bbox 848 3140 1026 3195; x_wconf 89' lang='lat' dir='ltr'>imperio</span> <span class='ocrx_word' id='word_1_479' title='bbox 1047 3141 1255 3190; x_wconf 87' lang='lat' dir='ltr'>successit,</span> <span class='ocrx_word' id='word_1_480' title='bbox 1279 3140 1513 3194; x_wconf 89' lang='lat' dir='ltr'>proconsul</span> <span class='ocrx_word' id='word_1_481' title='bbox 1533 3140 1715 3194; x_wconf 83' lang='lat' dir='ltr'>Africae</span> <span class='ocrx_word' id='word_1_482' title='bbox 1735 3140 1820 3193; x_wconf 83' lang='lat' dir='ltr'>fuit</span> <span class='ocrx_word' id='word_1_483' title='bbox 1840 3139 1972 3183; x_wconf 92' lang='lat' dir='ltr'>multo</span> 
     </span>
     <span class='ocr_line' id='line_1_44' title="bbox 230 3209 1972 3268; baseline -0.003 -12"><span class='ocrx_word' id='word_1_484' title='bbox 230 3216 407 3268; x_wconf 87' lang='lat' dir='ltr'>postea,</span> <span class='ocrx_word' id='word_1_485' title='bbox 450 3226 579 3266; x_wconf 78' lang='lat' dir='ltr'>neque</span> <span class='ocrx_word' id='word_1_486' title='bbox 621 3211 661 3253; x_wconf 90' lang='lat' dir='ltr'>ei</span> <span class='ocrx_word' id='word_1_487' title='bbox 689 3210 886 3253; x_wconf 87' lang='lat' dir='ltr'>successit</span> <span class='ocrx_word' id='word_1_488' title='bbox 915 3209 1093 3253; x_wconf 80' lang='lat' dir='ltr'>Severus</span> <span class='ocrx_word' id='word_1_489' title='bbox 1123 3210 1169 3251; x_wconf 88' lang='lat' dir='ltr'>in</span> <span class='ocrx_word' id='word_1_490' title='bbox 1190 3209 1500 3264; x_wconf 83' lang='lat' dir='ltr'>proconsulatu</span> <span class='ocrx_word' id='word_1_491' title='bbox 1528 3223 1658 3263; x_wconf 76' lang='lat' dir='ltr'>neque</span> <span class='ocrx_word' id='word_1_492' title='bbox 1687 3209 1812 3250; x_wconf 76' lang='lat' dir='ltr'>huius</span> <span class='ocrx_word' id='word_1_493' title='bbox 1842 3223 1972 3262; x_wconf 81' lang='lat' dir='ltr'>neque</span> 
     </span>
    </p>

    <p class='ocr_par' dir='ltr' id='par_1_7' title="bbox 180 3277 1974 3405">
     <span class='ocr_line' id='line_1_45' title="bbox 180 3277 1970 3335; baseline -0.003 -10"><span class='ocrx_word' id='word_1_494' title='bbox 180 3296 183 3299; x_wconf 58' lang='lat'><strong>⁴</strong></span> <span class='ocrx_word' id='word_1_495' title='bbox 233 3282 363 3324; x_wconf 89' lang='lat' dir='ltr'>ullius</span> <span class='ocrx_word' id='word_1_496' title='bbox 393 3281 562 3324; x_wconf 87' lang='lat' dir='ltr'>Iuliani</span> <span class='ocrx_word' id='word_1_497' title='bbox 601 3279 761 3335; x_wconf 73' lang='lat' dir='ltr'>colleya</span> <span class='ocrx_word' id='word_1_498' title='bbox 801 3280 887 3333; x_wconf 84' lang='lat' dir='ltr'>fuit</span> <span class='ocrx_word' id='word_1_499' title='bbox 926 3279 972 3321; x_wconf 87' lang='lat' dir='ltr'>in</span> <span class='ocrx_word' id='word_1_500' title='bbox 1014 3278 1259 3330; x_wconf 86' lang='lat' dir='ltr'>consulatu;</span> <span class='ocrx_word' id='word_1_501' title='bbox 1295 3279 1384 3333; x_wconf 87' lang='lat' dir='ltr'>ipse</span> <span class='ocrx_word' id='word_1_502' title='bbox 1414 3278 1574 3321; x_wconf 86' lang='lat' dir='ltr'>Didius</span> <span class='ocrx_word' id='word_1_503' title='bbox 1603 3278 1803 3321; x_wconf 87' lang='lat' dir='ltr'>Iulianus</span> <span class='ocrx_word' id='word_1_504' title='bbox 1832 3277 1970 3320; x_wconf 87' lang='lat' dir='ltr'>Perti-</span> 
     </span>
     <span class='ocr_line' id='line_1_46' title="bbox 231 3347 1974 3405; baseline -0.003 -11"><span class='ocrx_word' id='word_1_505' title='bbox 231 3352 352 3394; x_wconf 88' lang='lat' dir='ltr'>nacis</span> <span class='ocrx_word' id='word_1_506' title='bbox 390 3351 549 3405; x_wconf 76' lang='lat' dir='ltr'>colleya</span> <span class='ocrx_word' id='word_1_507' title='bbox 588 3350 733 3404; x_wconf 84' lang='lat' dir='ltr'>fuerat</span> <span class='ocrx_word' id='word_1_508' title='bbox 763 3350 808 3391; x_wconf 86' lang='lat' dir='ltr'>in</span> <span class='ocrx_word' id='word_1_509' title='bbox 839 3348 1061 3391; x_wconf 88' lang='lat' dir='ltr'>consulatu</span> <span class='ocrx_word' id='word_1_510' title='bbox 1102 3352 1140 3391; x_wconf 92' lang='lat' dir='ltr'>et</span> <span class='ocrx_word' id='word_1_511' title='bbox 1168 3362 1381 3390; x_wconf 88' lang='lat' dir='ltr'>successor</span> <span class='ocrx_word' id='word_1_512' title='bbox 1410 3349 1457 3391; x_wconf 86' lang='lat' dir='ltr'>in</span> <span class='ocrx_word' id='word_1_513' title='bbox 1488 3347 1819 3403; x_wconf 83' lang='lat' dir='ltr'>proconsulatu,</span> <span class='ocrx_word' id='word_1_514' title='bbox 1862 3347 1974 3400; x_wconf 78' lang='lat' dir='ltr'>quod</span> 
     </span>
    </p>
   </div>
  </div>
 </body>
</html>
