2242 3672
311 297 518 335 POLLIVS
1189 287 1242 330 62
1871 293 2114 331 PoLYBrvs

397 442 534 483 tinum
565 440 608 481 in
638 438 764 480 litore
784 436 909 479 Pollii
942 442 1236 478 consecratum
1258 434 1445 478 carmine
1467 434 1558 479 silv.
1579 437 1619 486 3,
1640 438 1666 477 1
1687 433 1924 488 celebravit
1941 437 1997 490 cf.
2009 449 2116 491 pro-

397 510 562 552 oemium
590 511 621 551 2
651 510 689 549 ct
716 509 755 548 3.
816 505 940 548 Uxor
976 505 1067 546 eius
1098 503 1221 546 Polla
1251 504 1308 558 (n.
1338 505 1450 560 407).
1507 504 1654 548 Gener
1683 501 1776 546 eius
1805 502 1942 546 Iulius
1970 503 2115 547 Men&

395 584 532 620 crates
554 576 643 618 silv.
663 578 701 628 4,
724 577 763 624 8,
785 577 839 615 10
853 586 963 626 399.;
991 576 1019 614 4
1032 586 1208 626 procem.
1246 571 1391 614 Filius
1412 572 1501 614 eius
1520 572 1790 627 siqnificatur
1809 572 1901 615 silv.
1920 575 1962 624 4,
1975 575 2022 634 8,
2043 575 2114 616 12.

397 646 546 687 Versus
585 643 772 697 faciebat
802 642 857 695 cf.
887 641 978 685 silv.
1010 645 1052 691 2,
1080 644 1124 691 2,
1151 644 1237 684 112
1254 653 1367 694 sqq.,·
1394 643 1434 691 3,
1455 643 1495 691 1,
1518 644 1583 685 67.
1642 640 1848 684 Fortasse
1869 644 2011 695 pater*
2027 641 2119 684 eius

395 712 647 767 coynominis
675 710 919 753 nominatur
949 710 994 751 in
1025 709 1146 752 titulo
1166 723 1305 764 prope
1327 709 1553 764 Neapolim
1582 712 1747 764 reperto
1778 709 1868 765 eph.
1900 709 2026 753 VIII
2034 711 2121 752 337

396 782 501 824 anni
528 782 578 823 65
601 794 648 834 p.
677 778 782 822 Chr.
815 778 868 832 cf.
902 778 1150 829 Mommsen,
1181 778 1360 821 Hermes
1379 781 1445 828 18,
1476 780 1586 820 1883
1605 793 1654 832 10-
1676 781 1769 821 159.

312 852 395 894 420
426 850 478 902 Q.
510 847 668 891 Pollius
698 846 970 901 Valerianus,
1003 846 1240 904 bibliopola
1268 846 1482 890 Martialis
1514 847 1654 890 Mart.
1679 850 1717 898 1,
1739 850 1832 898 113,
1853 849 1892 890 5.

324 945 375 951 --
421 916 578 960 Pollux
607 916 699 958 vide
728 914 1013 971 Polydeuces.

323 1013 375 1019 -—
420 985 557 1028 Iulius
588 983 758 1027 Pollux,

307 1061 387 1104 421
422 1059 563 1113 Polus,
595 1058 775 1101 libertus
806 1057 1007 1113 Augusti,
1039 1059 1147 1100 mori
1178 1065 1351 1101 coactus
1373 1058 1490 1102 Suet.
1511 1058 1625 1114 Auy.
1647 1062 1714 1102 67.

306 1141 389 1183 422
420 1146 575 1181 POLVS
607 1145 984 1193 TERENTIANVS,
1025 1138 1263 1181 consularis
1294 1139 1426 1182 trium
1455 1140 1693 1182 Daciarum
1723 1155 1761 1182 a.
1789 1140 1869 1182 193
1898 1140 1987 1183 III
2008 1143 2120 1184 1374

394 1212 421 1251 t.
453 1208 653 1252 Dacicus.
717 1208 990 1263 Rescriptum
1030 1207 1182 1251 Severi
1222 1214 1265 1250 et
1295 1207 1543 1251 Caracallae
1574 1209 1630 1263 (a.
1654 1208 1900 1264 198—209)
1930 1207 1987 1252 ad
2020 1198 2121 1252 eum

393 1278 547 1331 frayni.
580 1276 713 1318 Vatic.
733 1280 832 1319 200.

307 1353 390 1396 423
420 1351 684 1407 Polyaenus,
716 1350 885 1405 legatus
915 1350 1205 1407 Bithynorum
1235 1353 1279 1393 in
1311 1366 1441 1394 causa
1463 1352 1627 1394 Vareni
1658 1352 1757 1395 Rufi
1783 1352 1904 1395 Plin.
1927 1366 1989 1407 ep.
2012 1355 2050 1403 7,
2071 1354 2099 1394 6
2107 1365 2123 1404 ,·

395 1424 431 1471 7,
453 1424 519 1463 10.
569 1419 641 1462 Ex
663 1420 848 1474 posteris
876 1419 1041 1462 violetur
1072 1433 1156 1463 esse
1183 1419 1362 1463 Claudii
1381 1420 1599 1476 Polyaeni,
1627 1420 1747 1466 Plin.
1771 1421 1829 1464 acl
1853 1420 1973 1464 Trai.
1996 1423 2063 1464 70.

309 1502 393 1543 424
423 1500 679 1556 Polyaenus,
703 1499 884 1542 Macedo
909 1503 1083 1554 stratey.
1096 1501 1243 1555 praef.
1267 1500 1370 1543 libri
1388 1504 1414 1543 1
1435 1503 1476 1543 et
1494 1504 1544 1552 4;
1575 1500 1758 1552 Suiclas,·
1778 1500 1925 1543 rhetor
1946 1499 2119 1544 Suidas.

394 1569 649 1612 Causidicus
678 1570 839 1611 Romae
867 1569 1046 1611 vivebat
1074 1572 1244 1624 stratey.
1267 1570 1411 1624 praef.
1435 1569 1539 1612 libri
1555 1573 1588 1613 2
1614 1572 1653 1612 et
1676 1572 1716 1612 8.
1766 1568 1888 1612 Bello
1918 1568 2122 1612 Parthico

394 1639 641 1680 imminente
662 1653 700 1680 a.
727 1638 801 1680 161
827 1652 925 1680 cum
945 1643 1085 1680 aetate
1106 1638 1191 1680 iam
1216 1639 1463 1695 provectior
1489 1637 1674 1681 militare
1704 1653 1791 1681 non
1820 1643 1966 1695 posset
1982 1638 2121 1694 praef.

395 1707 498 1749 libri
523 1710 561 1757 1,
593 1712 927 1761 strategematon
965 1706 1102 1749 libros
1133 1713 1228 1749 octo
1259 1706 1314 1749 ad
1343 1707 1541 1749 Marcum
1573 1713 1616 1749 et
1644 1707 1811 1750 Verum
1839 1708 2122 1764 imperatores

394 1777 510 1818 misit
540 1773 611 1829 (cf.
633 1776 946 1832 praefationes)
987 1781 1116 1832 atque
1153 1774 1286 1818 libros
1327 1790 1404 1818 sex
1445 1775 1600 1831 edidit,
1643 1782 1878 1833 antequam
1904 1776 2047 1835 Verus
2077 1774 2124 1816 in

390 1845 595 1886 orientem
636 1844 985 1901 proficisceretur
1025 1845 1080 1898 (a.
1114 1845 1214 1899 162)
1242 1845 1390 1899 praef.
1422 1844 1525 1887 libri
1552 1848 1590 1895 1,
1621 1847 1660 1896 5,
1692 1848 1731 1896 6,
1759 1844 1948 1902 reliquos
1978 1842 2124 1901 paullo

392 1919 509 1969 post,
549 1912 661 1956 bello
689 1912 880 1955 nondum
910 1913 1032 1955 finito
1052 1914 1198 1968 praef.
1231 1913 1334 1956 libri
1361 1916 1400 1955 8.
1461 1912 1633 1956 Bellum
1662 1913 1915 1956 Parthicum
1945 1912 2123 1956 uberius

394 1981 634 2024 describere
675 1983 711 2023 ei
752 1988 816 2024 est
846 1982 890 2023 in
918 1983 1062 2024 animo
1089 1982 1230 2036 praef.
1263 1982 1366 2024 libri
1392 1985 1430 2024 6.
1490 1981 1673 2038 Scripsit
1704 1983 1831 2025 etiam
1861 1983 1951 2040 περὶ
1978 1981 2123 2040 Θηβῶν

394 2054 432 2092 et
452 2050 624 2093 Τακτικὰ
655 2051 784 2109 βιβλία
808 2049 844 2106 γ’
877 2050 1038 2094 Suidas
1068 2057 1111 2093 et
1140 2052 1237 2108 ὑπὲρ
1269 2050 1356 2104 (τοῦ
1384 2051 1532 2104 κοινοῦ)
1563 2055 1642 2094 τῶν
1672 2050 1918 2095 Μακεδόνων
1947 2049 2127 2094 Stobaei

392 2119 567 2174 florileg.
588 2122 653 2169 43,
676 2122 742 2162 53.
762 2122 817 2162 55
848 2119 1044 2162 Meineke
1070 2119 1132 2162 II
1145 2134 1193 2174 p.
1216 2122 1294 2170 905
1311 2120 1377 2179 cf.
1400 2119 1447 2163 J.
1472 2119 1654 2171 Melber,
1686 2119 1896 2175 Polyaeni
1921 2121 2123 2174 strateye-

393 2191 535 2229 maton
566 2188 669 2230 libri
698 2191 787 2230 octo
817 2190 930 2230 1887
947 2188 1093 2242 praef.
1117 2202 1165 2243 p.
1189 2187 1326 2242 Vsqq.

321 2281 379 2285 —
426 2255 631 2299 Claudius
663 2256 924 2312 Polyaenus.

308 2336 390 2378 425
422 2335 689 2392 Polyarchus
718 2336 912 2378 medicus
941 2335 1093 2379 Galen.
1120 2339 1174 2379 13
1195 2351 1243 2391 p.
1265 2339 1347 2379 184
1366 2350 1452 2391 sqq.
1482 2339 1586 2380 220.
1618 2339 1699 2380 981
1722 2336 1870 2379 ΚΐιῙιη.

323 2428 379 2433 —
423 2410 670 2447 C.VLP1VS
702 2411 1005 2447 MARCELLVS
1037 2403 1404 2461 [P]OLYBIANVS
1454 2452 1458 2457 ἡ

310 2484 392 2526 426
424 2483 490 2537 (O.
523 2484 679 2539 Iulius)
708 2484 928 2540 Polybius,
963 2484 1161 2528 Caesaris
1192 2485 1411 2540 l(ibertus)
1444 2485 1698 2536 17120252
1728 2485 1783 2539 cf.
1805 2485 1839 2528 I
1842 2484 1992 2528 V147
2012 2485 2123 2535 258,-

392 2551 579 2606 Augusti
600 2552 792 2607 libertus,
816 2559 1119 2596 testamentum
1140 2555 1233 2596 eius
1254 2555 1413 2611 partim
1431 2555 1605 2610 scripsit
1618 2553 1734 2597 Suet.
1751 2552 1866 2609 Auy.
1882 2556 1988 2605 1013
2001 2551 2124 2595 idem

396 2621 594 2662 recitavit
623 2635 660 2664 a
685 2621 738 2662 14
767 2636 808 2677 p.
840 2620 941 2663 Chr.
974 2622 1243 2676 Xiphilinus-
1245 2622 1333 2666 Dio
1353 2625 1418 2674 56,
1440 2626 1511 2673 32,
1534 2626 1593 2665 1.

311 2701 392 2743 427
428 2700 656 2755 Polybius,
695 2699 868 2742 Claudii
908 2701 1089 2744 libertus
1129 2703 1291 2746 Seneca
1331 2703 1416 2746 lud.
1450 2705 1527 2754 13,·
1567 2702 1683 2745 Suet.
1722 2688 1878 2745 Claud.
1912 2704 1995 2753 28,
2033 2699 2123 2744 Dio

397 2771 462 2818 60,
494 2771 566 2818 29,
595 2771 644 2819 3,
675 2767 859 2824 (Victor)
892 2771 988 2823 epit.
1020 2774 1058 2821 4,
1089 2774 1130 2813 8.
1192 2771 1375 2815 Claudio
1405 2787 1432 2814 a
1461 2770 1616 2813 studiis
1648 2769 1764 2814 Suet.
1793 2769 1949 2814 Claud.
1978 2770 2040 2813 28
2064 2769 2121 2823 cfi

399 2837 560 2880 Seneca
580 2836 729 2878 consol.
753 2836 811 2878 aol
830 2836 976 2891 Polyb.
997 2841 1036 2888 5,
1059 2843 1089 2882 2
1117 2847 1158 2882 et
1187 2856 1213 2883 a
1236 2840 1393 2883 libellis
1415 2839 1580 2884 Seneca
1599 2838 1752 2882 consol.
1775 2838 1834 2882 ad
1851 2838 2000 2894 Potyb.
2022 2840 2061 2889 6,
2081 2839 2122 2889 5,

398 2906 453 2959 cf.
484 2904 771 2947 Friedlander
800 2904 1072 2960 Sittenyesch.
1095 2909 1128 2950 I
1134 2910 1150 2933 ⁶
1173 2923 1221 2962 p.
1244 2912 1339 2952 108.
1369 2911 1464 2952 178.
1523 2907 1596 2951 Ad
1627 2923 1724 2950 eum
1755 2908 1928 2965 scripsit
1954 2905 2124 2950 Seneca

399 2972 518 3015 exsul
556 2972 713 3015 librum
755 2972 1042 3028 (dialogorum
1083 2976 1375 3032 undecimum)
1420 2977 1475 3020 de
1519 2975 1810 3019 consolatione
1851 2975 1986 3018 fratre
2028 2974 2122 3016 eius

397 3048 577 3083 mortuo.
632 3041 798 3084 Habuit
828 3041 1068 3098 complures
1097 3044 1250 3088 fratres
1281 3046 1435 3089 consol.
1462 3048 1502 3096 3,
1524 3048 1564 3088 5.
1593 3047 1634 3096 5,
1655 3048 1694 3087 4.
1725 3047 1765 3096 6,
1785 3047 1825 3087 3.
1856 3047 1897 3096 9,
1918 3045 1958 3088 7.
1988 3045 2060 3093 12,
2081 3044 2121 3093 1,

398 3123 579 3152 uxorem
608 3109 830 3166 filiumque
858 3111 1009 3153 consol.
1039 3115 1115 3163 12,
1148 3117 1185 3155 1.
1246 3115 1484 3157 Homerum
1513 3115 1558 3156 in
1587 3113 1783 3169 linguam
1810 3113 2036 3166 Latinam,
2075 3111 2123 3153 in

400 3178 612 3221 Graecam
642 3177 885 3232 Vergilium
916 3178 1088 3221 videtur
1116 3182 1388 3225 transtulisse
1419 3182 1571 3226 consol.
1598 3184 1639 3233 8,
1661 3185 1704 3226 2.
1725 3184 1792 3232 11,
1811 3183 1852 3224 5.
1901 3179 1944 3223 Α
1961 3178 2122 3222 Messa-

396 3246 506 3298 lina,
547 3259 733 3301 quacum
772 3246 910 3301 stupri
949 3250 1250 3291 commercium
1290 3250 1500 3305 habebat,
1541 3249 1793 3292 interfectus
1823 3263 1858 3292 c.
1889 3263 1927 3291 a.
1947 3247 2002 3291 47
2032 3245 2122 3290 Dio

400 3317 465 3363 60,
487 3316 553 3362 31,
574 3316 606 3355 2
636 3314 689 3365 cf.
723 3313 886 3356 Seneca
916 3313 1001 3356 lud.
1029 3319 1092 3357 13.
1117 3316 1120 3320 ’
1154 3317 1234 3359 Vix
1271 3318 1381 3360 idem
1411 3319 1616 3374 Polybius
1653 3321 1802 3361 auctor
1829 3316 1980 3360 Plinio
2007 3329 2050 3360 n.
2081 3314 2122 3360 Ῐι.

398 3385 435 3430 1,
456 3384 523 3423 31.
551 3384 618 3433 31,
639 3384 731 3424 131.
783 3381 850 3424 Ti.
883 3381 1089 3427 Claudius
1119 3384 1382 3443 Polybianus
1413 3385 1481 3430 VI
1502 3389 1660 3430 12402.
