2242 3672
151 247 405 285 VALERIVS
1020 240 1106 284 363
1721 245 1975 282 VALERIVS

239 381 296 434 (u.
330 395 364 423 c.
396 380 490 435 794)
512 380 681 435 peperit
711 379 1027 430 Britannicum,
1059 379 1087 422 i.
1120 394 1152 422 c.
1186 393 1298 421 anno
1329 378 1672 433 quinquayesimo
1709 378 1844 420 altero
1877 380 1977 431 post

237 453 412 493 mortem
442 450 544 500 eius,
575 449 649 491 sed
672 452 802 503 pater
832 449 939 499 eius,
966 462 1070 491 avus
1101 447 1395 492 Messallinae.
1447 445 1552 490 Cum
1580 447 1698 502 fillius
1727 447 1818 489 eius
1846 446 1979 500 fucrit

239 519 515 562 consobrinus
552 517 735 561 Claudii
777 519 849 572 (cf.
886 518 962 560 sub
1005 531 1051 560 eo
1090 517 1164 571 qui
1199 515 1455 571 praecediO,
1498 516 1587 570 ipse
1626 516 1672 558 in
1706 515 1977 558 matrimonio

238 587 405 630 videtur
423 587 622 630 habuisse
644 586 876 630 Claudiam
894 585 1153 629 Marcellam
1174 599 1360 628 sororem
1376 584 1593 628 Antoniae
1612 585 1764 627 matris
1786 583 1977 627 Claudii.

239 657 425 699 Praeter
465 656 603 711 filium
643 656 771 697 etiam
801 654 940 709 filiam
970 655 1010 696 ci
1038 655 1191 708 fuisse,
1231 654 1465 697 Claudiam
1495 653 1729 697 Pulchram
1759 653 1979 696 sobrinam

238 725 509 780 Ayrippinae
549 724 669 779 (Tac.
703 739 742 765 a.
776 727 814 778 4,
846 725 945 779 25),
984 737 1094 777 quae
1125 723 1302 765 nomina
1338 723 1410 764 avi
1438 723 1619 777 paterni
1650 722 1978 774 resuscitaverit,

240 794 417 837 coniecit
444 793 718 848 Boryhesius.
750 817 808 822 —-
836 791 1025 835 Stemma
1044 795 1186 846 potest
1214 792 1346 846 fuisse
1375 791 1475 835 hoc:

408 883 481 930 Ap.
499 882 555 919 Ol.
573 882 739 918 Pulcher
790 881 832 918 C.
853 882 1038 918 Claudius
1059 882 1264 918 Marcellus
1301 905 1344 917 ψ
1395 882 1557 918 Octavia
1593 906 1635 918 v
1663 881 1713 917 Μ.
1730 879 1925 917 Antonius

471 941 545 964 cos.
563 940 596 964 a.
614 930 681 964 716
1318 930 1323 1016 Ι

155 1021 206 1058 Μ.
223 1021 402 1059 Valerius
419 1020 812 1102 Messalla7l4352rbatus
828 1018 1031 1066 Appianus
1057 1045 1100 1056 2,-
1131 1020 1292 1056 Claudia
1308 1019 1492 1055 Marcella
1537 1018 1707 1056 Antonia
1735 1042 1778 1054 ν
1809 1018 1958 1055 Drusus

456 1078 530 1102 eos.
549 1077 582 1101 a.
1080 1067 1088 1156 v
1756 1065 1761 1155 h

160 1192 224 1239 (Μ.
241 1193 433 1237 Valerius)
449 1193 618 1229 Messala
634 1192 827 1228 Barbatus
844 1215 888 1227 v
905 1192 1057 1239 Lepida
1104 1193 1266 1229 Claudia
1283 1192 1449 1228 Pulchra
1499 1192 1749 1229 Germanicus
1798 1191 1981 1228 Claudius

661 1283 823 1321 Valeria
838 1284 1063 1320 Messallina
1521 1240 1735 1331 Agrippina

157 1358 213 1399 90
242 1364 295 1400 Μ.
315 1362 568 1399 VALERIVS
588 1361 856 1397 MESSALLA
879 1361 1130 1397 CORVINVS
1153 1361 1309 1397 orator.
1353 1355 1410 1396 M.
1432 1354 1635 1398 Valerius
1658 1353 1860 1397 Messalla
1881 1353 1983 1396 Cor-

245 1427 376 1468 vinus
408 1425 476 1468 VI
488 1427 613 1475 1375,
645 1424 754 1478 fasti
774 1423 974 1478 triumph.
1003 1422 1110 1478 Cap.
1143 1423 1160 1477 (
1163 1457 1285 1466 .....
1304 1425 1401 1466 inus
1424 1427 1614 1478 superest
1644 1424 1689 1465 in
1714 1423 1847 1478 eloyio
1872 1421 1984 1475 quod

243 1495 333 1538 eius
352 1494 518 1537 videtur
533 1494 666 1548 fuisse
685 1507 915 1547 nomenque
928 1492 1104 1547 plenum
1119 1492 1330 1543 habuisse,
1356 1492 1471 1535 CIL.
1488 1493 1522 1534 I
1533 1492 1596 1534 ed.
1608 1496 1639 1535 2
1651 1507 1700 1546 p.
1712 1495 1797 1535 201
1811 1505 1853 1533 n.
1866 1490 1982 1545 XL),

244 1564 303 1607 M.
327 1562 426 1606 Val.
450 1561 685 1617 Messal[la]
708 1562 817 1616 fasti
835 1561 1035 1616 triumph.
1058 1561 1304 1612 Barbcrin„
1338 1561 1505 1618 Μάρκος
1526 1562 1746 1618 Οὐαλέριος
1766 1561 1985 1607 Μεσσάλας

243 1633 332 1676 Dio
349 1636 416 1683 47,
437 1635 502 1684 11,
525 1631 585 1674 Μ.
601 1630 807 1674 Messalla
822 1630 1039 1674 Corvinus
1062 1630 1131 1673 VI
1137 1633 1293 1681 29789,
1316 1630 1481 1688 Μάρκος
1502 1630 1722 1677 Μεσσάλας
1731 1629 1821 1672 Dio
1835 1633 1903 1679 47,
1913 1632 1983 1679 24,

244 1703 304 1745 M.
332 1700 520 1744 Messala
549 1701 643 1743 Isiv.
673 1714 768 1755 per.
797 1703 909 1750 122,
950 1699 1182 1743 Charisius
1209 1714 1256 1754 p.
1279 1703 1380 1750 104,
1413 1702 1470 1742 18
1503 1699 1618 1754 Keil,
1662 1699 1754 1750 alii,
1782 1697 1984 1741 Valerius

244 1770 432 1814 Messala
447 1769 560 1814 Suet.
577 1769 690 1824 Auy.
702 1771 769 1820 58,
792 1768 1013 1816 Μεσσάλας
1030 1769 1247 1827 Οὐαλέριος
1262 1768 1350 1811 Dio
1371 1772 1438 1819 49,
1456 1772 1521 1811 16.
1538 1771 1606 1811 38.
1627 1768 1694 1818 50,
1710 1771 1777 1818 10,
1800 1765 1986 1809 Messala

247 1840 464 1884 Corvinus
495 1842 534 1881 et
564 1837 713 1881 deinde
741 1837 931 1880 Messala
959 1837 1161 1880 Frontin.
1196 1852 1263 1892 aq.
1293 1841 1358 1881 99.
1392 1840 1492 1888 102,
1534 1835 1738 1879 Messalla
1767 1839 1807 1879 et
1834 1838 1988 1890 postea

243 1909 463 1954 Corvinus
485 1907 586 1952 Vell.
610 1911 653 1958 2,
677 1910 741 1961 71,
773 1907 873 1949 item
900 1907 999 1950 Tac.
1019 1907 1135 1958 dial„
1168 1906 1358 1949 Messala
1379 1905 1596 1949 Corvinus
1614 1905 1760 1949 Cicero
1783 1905 1841 1947 ad
1859 1904 1984 1947 Brut.

246 1982 285 2030 1,
304 1981 373 2033 12,
407 1977 572 2021 Seneca
601 1989 716 2019 suas.
738 1979 777 2027 1,
801 1979 838 2020 7.
871 1979 909 2027 6,
933 1979 1004 2027 27,
1038 1979 1169 2020 contr.
1191 1979 1219 2018 3
1240 1976 1386 2030 praef.
1408 1979 1486 2028 14,·
1516 1975 1678 2019 Seneca
1706 1989 1824 2030 apoc.
1846 1978 1912 2024 10,
1934 1976 1988 2024 2;

248 2046 365 2090 Plin.
382 2046 422 2088 h.
439 2060 481 2088 n.
502 2050 541 2096 1,
561 2048 600 2088 9.
623 2048 660 2096 7,
680 2048 758 2096 90,·
784 2045 882 2087 Tac.
906 2060 946 2087 a.
967 2049 1007 2096 4,
1028 2048 1095 2088 34.
1118 2049 1155 2096 6,
1180 2049 1245 2096 11,
1269 2045 1386 2089 Suet.
1404 2059 1586 2100 yramm.
1607 2048 1647 2095 4,
1674 2043 1808 2087 Solin.
1830 2047 1868 2093 1,
1891 2045 1986 2092 110,

247 2116 364 2159 Plut.
386 2115 514 2158 Brut.
535 2117 601 2165 45,
623 2113 815 2169 Appian.
838 2114 872 2156 I
874 2114 968 2169 llyr.
990 2117 1058 2165 18,
1092 2115 1129 2157 b.
1152 2128 1186 2158 c.
1206 2118 1245 2165 4,
1266 2117 1359 2165 136,
1390 2114 1677 2168 Hieronymus
1698 2112 1840 2157 chron.
1868 2111 1926 2154 ad
1946 2126 1985 2152 a.

249 2187 371 2228 1958.
403 2187 530 2227 1992.
562 2186 696 2234 2027,
730 2182 823 2227 adv.
851 2183 1066 2226 Iovinian.
1087 2187 1126 2234 1,
1149 2186 1207 2226 48
1237 2182 1443 2238 (Messala
1463 2182 1681 2225 Corvinus
1704 2187 1848 2224 orator
1869 2180 1986 2222 Plin.

247 2253 287 2298 h.
303 2268 346 2296 n.
365 2256 403 2304 7,
419 2256 486 2303 90,
509 2252 757 2307 Hieronym.
781 2251 840 2295 ad
860 2267 899 2297 a.
918 2255 1040 2296 1958.
1061 2252 1212 2307 2027),
1241 2252 1430 2294 Messala
1450 2258 1595 2294 orator
1611 2251 1732 2293 Plin.
1749 2250 1789 2293 h.
1806 2264 1848 2292 n.
1864 2253 1902 2300 1,
1922 2250 1988 2298 35,

246 2326 311 2374 10,
332 2323 403 2366 52.
434 2324 501 2372 33,
522 2324 588 2364 50.
618 2323 686 2372 35,
707 2323 748 2364 8.
770 2324 851 2372 21,
895 2321 1012 2365 Suet.
1047 2321 1202 2364 Claud.
1231 2325 1296 2372 13,
1329 2321 1548 2364 Corvinus
1579 2318 1784 2362 Messalla
1814 2317 1988 2373 or[ator]

249 2391 508 2434 breviarium
531 2390 644 2432 vitae
670 2389 831 2432 Tibulli
858 2390 970 2444 quod
999 2393 1117 2433 extat
1148 2391 1194 2433 in
1224 2390 1438 2433 codicibus
1464 2389 1722 2433 Tibullianis
1751 2388 1823 2443 (cf.
1846 2386 1990 2429 Hiller

250 2459 396 2504 Herm.
419 2462 487 2510 18,
518 2461 629 2501 1883
651 2473 698 2512 p.
719 2461 832 2515 351),
864 2458 1085 2502 Corvinus
1118 2459 1273 2503 Horat.
1306 2473 1437 2502 carm.
1467 2461 1507 2509 3,
1539 2462 1609 2509 21,
1640 2460 1678 2508 7,
1722 2456 1822 2500 Vell.
1849 2459 1893 2507 2,
1920 2458 1987 2506 36,

250 2527 371 2571 Plin.
393 2527 434 2570 h.
454 2541 497 2570 n.
519 2531 557 2577 1,
578 2530 646 2581 33,
681 2533 827 2569 orator
857 2526 1075 2570 Corvinus
1108 2528 1206 2572 Tac.
1236 2542 1275 2570 a.
1299 2530 1364 2579 13,
1385 2530 1452 2578 34,
1483 2525 1672 2569 Messala
1699 2525 1785 2569 Cic.
1811 2524 1869 2566 ad
1896 2523 1987 2566 Att.

250 2600 321 2647 12,
341 2599 412 2640 32.
445 2598 510 2646 15,
533 2598 599 2646 17,
622 2599 666 2646 2,
699 2594 759 2637 ad
775 2594 903 2638 Brut.
925 2599 964 2646 1,
988 2599 1054 2647 15,
1077 2596 1233 2638 Horat.
1256 2599 1337 2638 art.
1354 2599 1465 2650 poet.
1487 2599 1582 2646 371,
1615 2593 1788 2645 Tibull„
1812 2592 1987 2646 Quintil.

251 2668 504 2716 constanter,
541 2665 639 2708 Tac.
674 2679 712 2707 a.
744 2668 784 2715 3,
817 2668 885 2708 34.
918 2668 982 2716 11,
1006 2669 1046 2708 6.
1081 2669 1117 2720 7,
1150 2665 1239 2708 Dio
1268 2668 1338 2716 53,
1368 2668 1440 2716 27,
1474 2665 1566 2709 alii.
1600 2690 1651 2694 ——
1684 2665 1740 2706 In
1771 2662 1990 2705 consulatu

251 2734 310 2776 M.
352 2732 501 2776 Valer.
542 2732 716 2777 Messal.
759 2732 937 2776 Corvin.
982 2735 1091 2788 fasti
1129 2734 1394 2777 Amiternini
1431 2732 1561 2787 (CIL.
1598 2734 1631 2776 I
1665 2732 1725 2775 ed.
1762 2736 1794 2775 2
1826 2746 1873 2786 p.
1906 2728 1987 2783 61),

252 2802 308 2845 M.
336 2801 555 2859 Οὐαλέριος
580 2802 854 2857 Μεσσάλλα[ς]
888 2801 1117 2860 Κορουίνιος
1145 2803 1235 2846 Dio
1265 2803 1353 2845 ind.
1383 2803 1456 2845 lib.
1486 2805 1554 2853 50,
1587 2802 1641 2845 M.
1669 2801 1884 2856 Οὐαλέριος
1914 2797 1991 2841 Κο-

252 2876 405 2928 ρουῖνος
437 2870 658 2917 Μεσσάλας
688 2871 744 2913 ib.
779 2871 850 2913 lib.
881 2874 956 2921 51,
988 2871 1048 2914 M.
1068 2870 1270 2915 Valerius
1301 2872 1409 2925 fasti
1438 2870 1651 2920 Venusini,
1683 2870 1742 2911 M.
1770 2866 1990 2922 Mess[a]la

252 2939 458 2994 Cassiod,
490 2938 678 2982 Messala
706 2938 923 2982 Corvinus
956 2939 1100 2983 Vellei.
1130 2944 1174 2991 2,
1196 2943 1263 2993 84,
1296 2940 1483 2982 Messala
1514 2939 1732 2992 chronoyr.
1766 2950 1864 2978 ann.
1896 2938 1987 2988 354,

252 3008 343 3064 [M.]
375 3008 596 3051 Corvinus
627 3008 736 3062 fasti
763 3007 999 3063 Cuprenses
1029 3008 1167 3065 (CIL.
1200 3010 1234 3051 I
1256 3009 1318 3052 ed.
1351 3013 1383 3052 2
1412 3024 1462 3063 p.
1495 3010 1582 3063 62),
1626 3005 1842 3049 Corbilius
1883 3003 1991 3057 fasti

250 3077 426 3132 Hydat„
459 3076 603 3119 chron.
633 3075 788 3120 Pasch.
810 3102 868 3106 —
888 3077 1138 3120 Publicolae
1165 3078 1334 3120 nomine
1362 3091 1493 3131 neque
1522 3076 1612 3130 ipse
1640 3087 1742 3116 usus
1772 3076 1831 3115 est
1860 3084 1990 3126 neque

252 3146 301 3189 de
331 3160 377 3188 eo
398 3148 506 3199 puto
538 3144 652 3187 alius
680 3145 928 3199 quisquam,-
956 3160 1059 3189 nam
1088 3146 1199 3200 quod
1227 3147 1273 3189 in
1303 3146 1491 3188 carmine
1518 3143 1645 3186 catal.
1672 3141 1824 3196 Veryil.
1847 3144 1911 3190 11,
1935 3143 1990 3182 40

251 3215 394 3258 Roma
425 3214 583 3256 dicitur
613 3213 773 3256 dedisse
802 3216 998 3271 praemia
1028 3214 1227 3257 Messalis
1259 3216 1451 3257 maxima
1470 3211 1720 3264 Publicolis,
1754 3210 1804 3252 de
1822 3209 1990 3252 nomine

252 3283 342 3326 eius
380 3296 501 3336 quem
539 3281 784 3336 adloquitur
816 3287 950 3338 poeta
989 3284 1045 3340 (si
1082 3284 1204 3326 modo
1245 3285 1329 3338 fuit
1372 3281 1582 3325 Messalla
1623 3279 1843 3333 Corvinus)
1881 3276 1992 3319 nihil

251 3350 463 3406 sequitwr,·
484 3350 601 3406 apud
618 3349 853 3395 Horatium
876 3356 1017 3396 autem
1038 3352 1135 3405 (sat.
1157 3357 1196 3404 1,
1218 3357 1284 3404 10,
1306 3352 1395 3407 28),
1417 3352 1493 3394 ubi
1509 3348 1707 3392 nonnulli
1727 3345 1991 3390 Poblicolam
