2242 3672
282 277 502 314 VMBRIVS
1147 263 1231 306 468
1833 265 2084 305 VMMIDIVS

296 433 354 439 -
396 415 438 452 T.
475 405 723 461 FL(AV1Vs)
761 409 982 445 VMBRIVS
1018 407 1279 443 AN'risTws
1317 397 1628 462 SATVRNINVS
1665 396 2086 445 FORTVNATI'ANVS

365 477 484 531 siano
513 473 744 530 Hydatius.

295 570 351 574 —
523 549 582 584 SA
600 572 858 583 .........
876 545 972 581 Dvs
1009 545 1050 582 P.
1084 536 1322 593 CESTIWS]
1491 536 1747 593 [VM]BRIVs
1779 544 1987 582 DEXTER

367 616 617 654 DVCENIVS
651 642 660 651 .
678 641 686 650 .
707 641 716 651 .
735 642 744 651 .

285 681 367 723 596
396 683 616 722 VMBRIVS
647 683 831 718 PRIMVS
864 674 1095 731 proconsul
1126 674 1374 730 provinciae
1404 673 1598 729 alicuius,
1631 680 1824 731 tempore
1844 675 2085 732 Papiniani,

368 747 595 788 defunctus
626 751 674 787 ut
702 745 879 786 videtur
907 750 1138 800 antequam
1168 743 1351 785 rediret:
1383 742 1558 785 domum
1592 758 1670 800 per
1707 743 2088 786 fideicommissum

366 816 599 871 reliquerat
627 812 808 857 Claudio
841 813 1183 868 Hieronymiano
1223 811 1458 853 clarissimo
1487 812 1582 854 viro
1623 809 1832 866 Ulpianus
1862 812 1970 855 libro
1997 812 2091 855 XX

368 883 425 925 ad
452 883 661 926 Sabinum
692 881 807 936 (1219.
838 885 906 931 33,
937 883 976 932 7,
1008 884 1078 931 12,
1109 880 1195 933 40).
1255 879 1460 922 Diversus
1489 883 1599 934 puto
1637 880 1711 922 sed
1739 881 1967 935 parentela
1995 895 2090 924 cum

367 967 411 994 eo
453 952 695 994 coniunctus
729 950 793 992 M.
833 949 1058 991 Nummius
1103 948 1300 992 Umbrius
1339 948 1516 991 Primus
1555 948 1728 992 Senecio
1765 948 1971 1001 Albinus,
2018 949 2092 1004 qui

367 1020 508 1063 consul
549 1019 792 1062 ordinarius
826 1018 912 1071 fuit
947 1032 1060 1059 anno
1088 1020 1185 1061 206.
1216 1042 1273 1046 -
1304 1017 1389 1059 His
1419 1017 1634 1071 antiquior
1663 1016 1873 1060 Umbrius
1903 1017 2088 1072 Primus,

366 1103 584 1145 possessor
615 1088 656 1128 in
691 1088 856 1142 pertica
886 1087 1100 1141 Ligurum
1130 1084 1399 1142 temporibus
1430 1085 1609 1127 Traiani
1629 1085 1712 1127 IX
1728 1088 1836 1129 1455
1862 1085 1938 1129 col.
1961 1088 1999 1137 7,
2022 1088 2089 1130 78.

365 1161 404 1207 3,
426 1160 491 1199 47.
514 1159 578 1198 63.
628 1156 755 1198 Alius
781 1155 840 1197 M.
864 1154 1070 1197 Umbrius
1101 1155 1273 1197 Primus
1305 1152 1455 1196 consul
1485 1153 1580 1195 suff.
1602 1168 1640 1196 a.
1662 1153 1745 1196 289
1766 1153 1816 1196 Χ
1830 1157 1948 1199 3698.
1969 1157 2090 1198 4631.

367 1225 479 1280 (Alii
516 1224 664 1267 Umbri
691 1224 832 1266 Primi
859 1223 933 1265 sed
961 1223 1165 1277 iynobiles
1194 1222 1272 1265 IX
1298 1225 1421 1265 1211.
1454 1224 1576 1264 1968.
1606 1225 1749 1278 2038.)

281 1294 362 1336 597
391 1293 597 1337 Umbrius
629 1293 812 1346 Primus,
845 1293 1152 1346 grammaticus
1183 1290 1404 1334 Charisius
1437 1290 1509 1334 lib.
1541 1291 1604 1333 II
1626 1297 1690 1346 (p.
1713 1294 1803 1335 190.
1833 1294 1920 1335 192
1941 1290 2089 1348 Keil.)

296 1387 353 1392 ——
397 1369 449 1404 M.
481 1368 713 1403 NVMMIVS
744 1367 966 1403 VMBRIVS
997 1367 1181 1403 PRIMVS
1215 1366 1429 1402 SENEOIO
1461 1366 1690 1404 ALBINVS.

282 1432 363 1474 598
395 1431 578 1474 Umbria
608 1429 787 1484 Albina,
829 1429 875 1472 G.
905 1429 934 1474 f.
969 1430 1247 1485 (praenomen
1278 1429 1424 1483 patris
1461 1429 1507 1471 in
1536 1427 1699 1484 fistula)
1728 1428 1876 1484 fistula
1906 1429 2092 1483 aquaria

365 1499 528 1541 Romae
565 1513 652 1552 rep.
667 1532 676 1549 ‚
722 1498 889 1541 Notieie
927 1498 1038 1553 deyli
1076 1499 1194 1540 soavi
1223 1500 1332 1540 1895
1363 1511 1410 1551 p.
1441 1500 1550 1549 206;
1586 1497 1748 1552 teyulae
1776 1497 2015 1553 Aufidenae
2043 1498 2091 1541 in

367 1568 543 1611 Samnio
573 1581 674 1621 rep„
706 1566 786 1608 IX
802 1570 923 1617 6078,
946 1570 1037 1609 176.
1087 1561 1271 1608 Femina
1300 1566 1390 1608 sine
1415 1565 1543 1608 dubio
1572 1565 1696 1617 dives,
1727 1567 1907 1621 fortasse
1929 1580 2090 1622 paren-

367 1636 451 1679 tela
481 1637 703 1678 coniuncta
732 1650 824 1678 eum
854 1635 920 1679 M.
946 1635 1147 1677 Nummio
1181 1634 1351 1678 Umbrio
1370 1633 1544 1685 Albino,
1576 1634 1626 1677 de
1652 1649 1731 1689 quo
1762 1636 1817 1689 cf.
1849 1634 1908 1677 ad
1933 1648 1974 1678 n.
1994 1637 2088 1678 596.

281 1705 364 1748 599
395 1704 638 1747 Ummidius
669 1704 856 1760 quidam,
890 1719 1059 1758 avarus,
1092 1719 1118 1745 a
1146 1703 1303 1746 liberta
1334 1703 1500 1745 occisus
1528 1703 1683 1746 Horat.
1714 1706 1795 1747 sat.
1824 1707 1862 1754 1,
1894 1707 1933 1754 1,
1964 1705 2030 1747 95.

281 1775 364 1816 600
405 1780 445 1815 c,
485 1779 735 1815 VMMIDIVS
785 1779 1009 1815 DVRMIVS
1057 1778 1368 1824 QVADRATvs.
1449 1771 1581 1815 Tituli
1625 1771 1849 1815 Casinates
1890 1771 1936 1814 X
1977 1773 2092 1816 5182

365 1843 523 1896 inteyer
554 1841 627 1897 (1),
657 1844 777 1886 5180.
807 1844 915 1885 5181
945 1843 1190 1897 fraymenta
1218 1842 1385 1883 minuta
1415 1839 1473 1893 (2.
1493 1840 1549 1895 3).
1598 1841 1868 1884 Memoratur
1893 1841 1941 1883 in
1964 1841 2091 1895 fastis

367 1911 604 1953 scribarum
643 1912 977 1964 quaestoriorum
1013 1909 1124 1954 CIL.
1155 1911 1190 1953 I
1212 1910 1273 1952 ed.
1297 1913 1329 1954 2
1358 1924 1407 1964 p.
1441 1912 1492 1952 74
1522 1908 1582 1965 (4)
1623 1912 1663 1952 et
1701 1910 1747 1952 in
1783 1912 1810 1951 t.
1842 1910 2091 1952 Lusitaniae

367 1980 428 2022 ΙΙ
449 1983 534 2022 172
564 1979 635 2034 (5).
676 2004 734 2009 -—
774 1979 821 2023 C.
859 1979 1105 2022 Ummidius
1146 1979 1359 2022 Durmius
1397 1978 1646 2032 Quadratus
1687 1981 1714 2022 t.
1745 1981 1785 2020 1.
1814 1980 1853 2032 5,
1895 1977 1945 2021 C.
1985 1977 2088 2021 Um-

368 2048 524 2090 midius
557 2047 836 2103 Quadi-[atus]
869 2052 897 2090 t.
926 2051 966 2099 4,
998 2047 1245 2091 Ummidius
1277 2047 1527 2101 Quadratus
1559 2050 1598 2089 et
1627 2047 1817 2089 oratione
1836 2046 2090 2102 procedente

368 2115 615 2168 Quadratus
653 2117 716 2159 vel
754 2118 881 2159 etiam
907 2116 1155 2159 Ummidius
1190 2116 1288 2158 Tac.
1322 2115 1458 2170 (apud
1485 2129 1606 2169 quem
1628 2129 1712 2169 pro
1742 2115 1936 2158 Ummid-
1966 2115 2092 2158 semel

368 2199 465 2226 ann.
486 2188 556 2235 12,
578 2187 632 2227 45
663 2185 850 2227 traditur
880 2185 1079 2227 tummid-
1082 2188 1344 2239 ,praeterea
1374 2183 1540 2238 umid-,)
1570 2183 1766 2226 similiter
1789 2184 1956 2239 Ioseph.
1987 2184 2092 2239 (nisi

367 2253 477 2307 quod
505 2254 551 2295 in
580 2253 704 2295 huius
731 2254 943 2296 codicibus
964 2268 1049 2308 pro
1072 2255 1234 2310 οὐμμιδ-
1256 2252 1504 2307 plerumque
1526 2255 1586 2294 est
1605 2254 1758 2309 νουμιδ-
1782 2252 1846 2324 vel
1866 2252 2088 2310 νουμμιδ-);

366 2320 620 2378 Κουαδρατος
649 2324 809 2364 nummi
837 2323 1102 2366 Antiocheni.

452 2389 500 2434 C
522 2391 550 2434 f.
573 2394 600 2432 t.
618 2394 656 2432 1.
686 2391 823 2433 Tribu
839 2391 936 2435 Ter.
960 2391 1144 2446 (origine
1165 2405 1319 2447 nempe
1333 2389 1583 2445 Casinas)t.
1601 2393 1640 2432 1.
1671 2390 1888 2433 Oriundus
1906 2353 2090 2445 fortasse

368 2459 420 2500 ab
453 2459 659 2501 Ummidio
691 2460 881 2514 (Immid-
908 2460 1111 2514 traditur)
1144 2459 1355 2510 Casinate,
1388 2474 1506 2513 quem
1534 2462 1746 2501 memorat·
1767 2458 1906 2502 Varro
1926 2459 1975 2502 de
1994 2474 2030 2502 r.
2050 2474 2087 2502 r.

366 2529 404 2576 3,
435 2529 473 2576 3,
506 2530 544 2569 9.
599 2522 681 2569 Ex
702 2528 790 2570 eius
821 2528 940 2570 domo
972 2528 1116 2570 liberti
1142 2527 1344 2572 Ummidii
1369 2526 1592 2570 Casinates
1621 2527 1669 2569 X
1694 2529 1821 2570 5299.
1852 2530 1973 2571 5304.

453 2595 644 2637 Honores
666 2595 791 2649 plene
822 2600 1049 2647 enumerat,
1081 2596 1155 2639 sed
1182 2597 1272 2638 sine
1303 2596 1460 2646 ordine,
1493 2598 1521 2638 t.
1547 2599 1584 2638 1.
1637 2595 1871 2638 Decemvir
1900 2595 2089 2639 stlitibus

369 2661 612 2703 iudicandis
645 2667 671 2705 t.
697 2667 723 2705 1
745 2664 797 2717 ef.
822 2667 848 2705 t.
872 2668 912 2706 3.
964 2664 1179 2717 Quaestor
1199 2664 1289 2706 divi
1309 2662 1498 2719 Augusti
1530 2670 1572 2706 et
1591 2663 1657 2707 Ti.
1681 2663 1880 2706 Caesaris
1900 2663 2089 2720 Augusti

373 2730 429 2783 (a.
452 2730 585 2784 igitur
613 2732 683 2785 14)
716 2735 744 2773 t.
766 2736 791 2773 1
823 2733 875 2787 ef.
899 2736 926 2775 t.
948 2736 991 2777 2.
1038 2732 1204 2775 Aedilis
1236 2731 1398 2774 curulis
1429 2735 1457 2774 t.
1478 2735 1516 2775 1.
1557 2733 1739 2775 Praetor
1758 2732 1967 2775 aerariit.
1987 2735 2027 2777 1.
2047 2735 2086 2784 4,

370 2813 406 2842 a.
432 2799 483 2840 18
516 2802 542 2842 t.
564 2803 602 2841 4.
654 2799 838 2842 Curator
868 2801 1114 2844 tabularum
1144 2801 1420 2857 publicarum
1450 2803 1478 2843 t.
1501 2804 1527 2842 1
1558 2801 1611 2854 cf.
1635 2803 1664 2842 t.
1684 2804 1727 2844 2.
1748 2803 1787 2844 3.
1838 2799 2088 2844 Praefectus

369 2866 572 2908 frumenti
603 2867 733 2910 dandi
763 2883 819 2910 ex
849 2885 880 2913 s.
914 2884 948 2911 c.
982 2873 1007 2913 t.
1029 2873 1067 2913 1.
1128 2868 1367 2911 Proconsul
1397 2869 1646 2925 provinciae
1676 2867 1812 2924 Cypri
1843 2871 1871 2910 t.
1902 2872 1941 2911 1.
2001 2856 2086 2924 (A'b

368 2933 443 2975 hoe
474 2937 513 2976 et
539 2936 713 2977 nomina
734 2940 773 2978 et
793 2938 949 2979 tribum
978 2938 1163 2979 mutuati
1179 2941 1277 2980 sunt
1303 2936 1453 2992 Cyprii
1473 2936 1519 2980 C.
1542 2936 1789 2979 Ummidius
1810 2936 2087 2979 Pantauchus

369 3001 583 3057 Teretina,
618 3004 794 3060 eiusque
822 3005 936 3046 filius
960 3005 1008 3048 C.
1030 3005 1276 3048 Ummidius
1298 3005 1546 3058 Quadratus
1568 3006 1642 3061 qui
1674 3011 1716 3047 et
1735 3004 2087 3048 Pantauchianus

370 3069 572 3112 Teretina
602 3074 630 3112 t.
656 3071 850 3126 Paphius
881 3088 950 3127 ap.
982 3073 1269 3128 Waddinyton
1296 3088 1338 3117 n.
1360 3076 1472 3117 2801
1494 3093 1549 3108 -τ
1574 3072 1695 3116 GIG.
1719 3076 1835 3116 2637
1843 3085 1857 3124 ,·
1885 3071 2013 3114 iidem
2040 3075 2089 3115 ut

368 3137 531 3178 videtur
560 3138 756 3190 homines,
789 3141 851 3182 vel
882 3144 989 3183 certe
1020 3156 1162 3184 eorum
1182 3142 1430 3196 propinqui,
1461 3142 1508 3183 in
1539 3141 1626 3183 alio
1654 3140 1776 3183 titulo
1795 3139 1966 3194 Paphio
1985 3139 2090 3183 dieti

366 3208 494 3256 pater
545 3206 592 3248 O.
638 3208 883 3249 Ummidius
936 3209 1207 3264 Quadratus,
1264 3210 1379 3264 filius
1424 3209 1471 3254 C.
1519 3208 1763 3253 Ummidius
1808 3207 2086 3251 Pantauchus

371 3271 689 3323 Quadratianus
721 3276 910 3318 Journal
942 3278 991 3330 of
1012 3277 1107 3319 hell.
1137 3278 1292 3320 studies
1321 3281 1359 3329 9,
1391 3280 1502 3321 1888
1522 3292 1570 3332 p.
1591 3280 1680 3321 237
1703 3291 1745 3319 n.
1766 3279 1850 3333 41.)
1896 3277 2086 3331 Legat-us

367 3338 433 3382 Ti.
458 3339 652 3383 Caesaris
674 3343 786 3398 Aug.
811 3345 1058 3399 provinciae
1077 3346 1330 3388 Lusitaniae
1362 3349 1390 3388 t.
1411 3349 1449 3397 1,
1480 3352 1610 3403 atque
1632 3346 1760 3388 etiam
1787 3351 1885 3402 post
1904 3350 2085 3389 mortem

2231 3368 2242 3394 ..tt
2215 3189 2242 3360 samse&
2226 3176 2242 3184 1
2211 3082 2242 3168 Ιῖὶᾶἢᾶζ.
2232 3075 2240 3077 x
2223 3054 2242 3070 ;‹..⁴
