2242 3672
258 267 490 302 RVTILIVS
1122 254 1202 295 148
1828 257 2063 294 RVTILIVS

290 397 294 401 '
343 417 398 431 =
430 395 715 448 Waddinyton
741 407 782 434 n.
809 393 925 435 2598
955 411 1010 425 =
1041 390 1089 431 de
1120 389 1261 444 Voyue
1288 389 1414 432 inser.
1444 388 1578 431 se'mit.
1615 388 1664 431 de
1697 387 1743 431 la
1773 387 1902 444 Syrie
1930 403 1973 432 n.
1998 390 2064 432 15.

342 466 531 519 Legatus
557 462 667 516 Aug.
695 476 759 517 pr.
787 475 851 516 pr.
883 459 1106 513 Thraciae,
1139 459 1241 500 item
1269 456 1349 500 sub
1382 456 1545 500 Severo
1569 456 1822 500 Alexandro
1851 455 2067 499 miliarias

348 533 581 575 Thraeicus
607 530 798 572 Graecus
829 527 1038 570 archacol.
1071 526 1288 582 epiyraph.
1322 525 1651 581 Mittheilunqen
1679 528 1745 577 15,
1777 527 1894 569 1892
1914 539 1963 581 p.
1983 527 2066 568 109

341 616 381 643 n.
414 603 478 643 65.
549 598 748 654 Crispino
789 598 988 652 (fortasse
1037 595 1184 650 eidem)
1232 595 1454 651 rescripsit
1496 593 1748 637 Alexander
1787 610 1824 636 a.
1857 593 1941 637 229
1976 592 2064 637 cod.

340 671 446 712 Iust.
466 671 503 718 5,
525 670 593 717 62,
615 670 668 708 10
699 666 752 720 cf.
778 664 1096 719 Kalo'pothalces
1117 663 1166 707 de
1192 663 1383 706 Thracia
1402 665 1513 706 1893
1525 677 1573 717 p.
1589 665 1656 706 58.
1679 687 1732 693 —
1756 662 1878 720 Opus
1901 661 2066 706 doliare

345 753 398 779 ex
429 735 599 792 praedis
630 733 781 777 Rutilii
814 733 1003 789 Crispini
1033 732 1188 788 (nescio
1217 746 1318 774 num
1346 731 1489 788 huius)
1518 731 1619 775 XV
1637 735 1768 776 2192.

260 807 338 849 167
372 812 412 849 ο.
443 809 673 846 RVTILIVS
706 807 965 844 GALLICVS.
1031 800 1184 844 Tituli:
1220 801 1500 843 Taum‘nenses
1529 799 1573 843 V
1592 803 1708 843 6988
1737 799 1810 856 (1).
1850 802 1961 844 6989
1991 798 2067 856 (2).

342 876 450 916 0990
482 871 562 927 (3),·
592 873 849 913 memoratur
878 870 924 911 in
955 869 1052 912 albo
1081 869 1292 912 sodalium
1311 868 1615 924 Auyustalium
1645 868 1715 912 VI
1734 871 1844 912 1984
1864 868 1925 925 (4)
1954 871 1994 911 et
2021 868 2069 911 in

342 941 518 984 termino
538 939 752 993 Africano
781 941 961 993 comptes
979 937 1135 981 rendus
1158 937 1207 980 de
1227 937 1472 980 l'acade'mie
1493 937 1564 981 des
1583 938 1710 981 inser.
1731 940 1839 981 1894
1848 951 1898 992 p.
1917 939 1973 980 46
1993 935 2067 993 (5).

341 1009 478 1052 Extat
508 1009 556 1050 de
586 1021 632 1050 eo
662 1021 832 1049 carmen
862 1007 999 1050 Statii
1026 1006 1117 1049 silv.
1147 1010 1185 1058 1,
1207 1010 1235 1049 4
1261 1007 1464 1061 scriptum
1485 1006 1638 1061 paullo
1658 1009 1761 1061 post
1784 1005 1905 1048 ludos
1923 1018 2068 1048 saecu-

342 1078 453 1120 lares
483 1076 726 1118 Domitiani
755 1075 806 1130 (v.
837 1078 895 1117 17
911 1075 1033 1129 seq.),
1073 1075 1148 1129 qui
1184 1075 1358 1129 fuerunt
1396 1089 1509 1117 anno
1538 1077 1606 1119 88.
1668 1074 1737 1129 Of.
1769 1074 1926 1117 Stobbe
1954 1073 2072 1129 apud
2156 1078 2158 1081 ’

340 1144 625 1188 Fricdldndcr
665 1143 1035 1198 Sittenyeschichte
1063 1144 1115 1185 3¹
1146 1158 1194 1198 p.
1225 1146 1447 1196 404-409;
1488 1143 1604 1186 Nohl
1639 1143 1756 1198 apud
1782 1141 2071 1186 Fnedlander

344 1212 614 1268 Sittenyesch.
635 1213 686 1254 3⁵
699 1227 748 1267 p.
763 1214 982 1263 453-456‚·
1010 1212 1058 1255 Ο.
1075 1212 1326 1266 Hirschfeld
1345 1212 1462 1266 apud
1481 1212 1653 1255 eundem
1667 1213 1718 1255 3⁶
1732 1227 1780 1267 p.
1791 1214 1896 1264 483,-
1915 1210 2070 1255 Fried-

344 1282 492 1324 lander
532 1282 620 1336 ipse
659 1281 706 1323 in
741 1280 893 1335 Proyr.
927 1281 1196 1336 Koniqsbery
1226 1283 1352 1332 1880,
1390 1280 1662 1336 Sittenyesch.
1693 1284 1721 1323 3
1729 1282 1747 1306 ⁶
1773 1295 1821 1336 p.
1846 1282 2070 1332 479-484;

342 1350 552 1405 Boryhesi
581 1363 738 1392 oeuvres
762 1353 788 1392 9
811 1364 858 1404 p.
883 1352 1104 1394 272-274.

431 1418 479 1462 C.
512 1418 699 1460 Rutilius
731 1417 925 1462 Gallicus
957 1421 985 1460 t.
1012 1421 1050 1460 1.
1078 1421 1121 1469 2,
1163 1417 1244 1473 [C.]
1274 1418 1459 1461 Rutilius
1491 1417 1725 1474 G[alli]cus,
1750 1422 1779 1460 t.
1809 1421 1849 1469 4,
1882 1416 2096 1464 Rutilius.

347 1487 540 1532 Gallicus
562 1490 590 1529 t.
607 1490 646 1537 3,
673 1486 841 1529 Statius
860 1485 951 1530 silv.
969 1490 995 1528 1
1010 1500 1189 1541 procem.
1213 1490 1251 1529 et
1271 1487 1318 1529 in
1338 1487 1613 1541 inscriptione
1634 1487 1838 1529 carminis
1857 1489 1896 1537 1,
1917 1489 1957 1537 4,
1985 1486 2071 1529 Ru-

345 1556 479 1610 tiliu[s
511 1555 720 1610 G]allicus
752 1558 779 1598 t.
810 1557 847 1609 5,
890 1555 1086 1598 Gallicus
1115 1555 1332 1598 Iuvenalis
1361 1559 1427 1607 13,
1458 1558 1552 1599 157.
1603 1554 1819 1611 (Valentis
1848 1568 2072 1610 coynomen

347 1625 385 1667 ei
412 1624 594 1666 inditum
623 1623 721 1665 olim
743 1626 922 1677 propter
953 1623 1088 1666 locum
1105 1624 1307 1678 prooemii
1326 1624 1463 1667 Statii
1489 1625 1534 1666 in
1556 1624 1810 1666 editionibus
1829 1623 2072 1667 Heinsiama

347 1693 657 1747 antiquioribus
676 1706 762 1734 non
782 1695 891 1734 recte
913 1691 1097 1746 editum).
1130 1691 1311 1747 Origine
1332 1699 1380 1735 ut
1401 1692 1574 1735 videtur
1595 1693 1877 1735 Taurinensis
1897 1691 2009 1735 Stat.
2030 1694 2070 1743 1,

345 1765 384 1811 4,
405 1764 549 1804 58-60
580 1762 634 1814 cf.
660 1761 724 1802 tit.
756 1763 856 1802 1—3.
909 1761 1046 1803 Natus
1077 1762 1193 1803 circa
1222 1777 1261 1806 a.
1280 1776 1320 1818 p.
1344 1761 1446 1804 Chr.
1468 1762 1522 1804 28
1553 1762 1733 1818 (quippe
1754 1761 2072 1815 sexagesimum

347 1844 506 1871 annum
538 1830 614 1871 vix
645 1843 856 1884 egressus,
888 1844 985 1871 cum
1017 1829 1180 1873 Statius
1212 1830 1383 1886 scripsit
1410 1830 1502 1872 silv.
1530 1833 1567 1880 1,
1590 1834 1629 1880 4,
1650 1829 1732 1878 53).
1786 1828 1951 1872 Causas
1981 1829 2072 1884 agit

349 1897 460 1941 Stat.
491 1901 530 1948 1,
566 1901 604 1948 4,
640 1901 703 1940 71.
773 1896 999 1954 Stipendia
1027 1899 1186 1940 meruit
1215 1899 1260 1940 in
1291 1897 1482 1952 Galatia,
1515 1905 1607 1941 tum
1636 1913 1715 1955 per
1749 1912 1908 1940 novem
1936 1911 2072 1940 annos

348 1966 393 2007 in
422 1965 702 2021 Pamphylia,
734 1967 780 2007 in
810 1966 1046 2020 Pannonia,
1079 1967 1125 2008 in
1154 1965 1364 2008 Armenia
1394 1966 1507 2010 Stat.
1538 1969 1578 2017 1,
1611 1970 1650 2017 4,
1684 1969 1839 2010 77—79.
1899 1967 1956 2009 In
1984 1965 2073 2008 Ar-

345 2034 486 2076 menia
523 2034 705 2087 fortasse
741 2035 827 2088 fuit
864 2035 940 2077 sub
973 2034 1210 2078 Corbulone
1241 2049 1274 2079 c.
1307 2050 1346 2077 a.
1377 2037 1520 2078 58-59
1541 2050 1590 2090 p.
1619 2034 1747 2087 Olim
1787 2035 1837 2078 de
1867 2034 2073 2090 leyatione

348 2101 645 2156 Cappadociae
674 2115 760 2144 non
780 2105 923 2156 potest
952 2103 1135 2157 coyitari
1151 2106 1331 2157 propter
1362 2103 1549 2146 ordinem
1577 2103 1782 2146 honorum
1811 2104 1858 2146 in
1887 2104 2074 2147 carmine

347 2173 570 2213 servatum.
622 2169 766 2212 Primi
793 2170 971 2213 honores
1001 2172 1268 2226 iynorantur.
1320 2173 1502 2215 Praetor
1530 2172 1724 2215 urbanus
1756 2172 1868 2216 Stat.
1898 2176 1937 2224 1,
1957 2177 1998 2224 4,
2017 2175 2075 2216 80

349 2239 412 2291 (id
426 2239 534 2281 enim
549 2239 714 2281 videtur
728 2240 968 2294 siqnificari
986 2241 1124 2283 verbis
1143 2241 1303 2296 gemini
1319 2241 1458 2284 fasces
1475 2242 1529 2295 cf.
1541 2241 1791 2295 Hirschfeld
1805 2255 1874 2296 ap.
1892 2240 2074 2287 Momm-

345 2322 418 2350 sen
430 2307 615 2350 Staatsr.
629 2308 678 2349 1³
686 2323 734 2362 p.
756 2310 852 2359 384,
869 2311 930 2365 2).
962 2309 1152 2364 Legatus
1169 2309 1300 2352 Asiae
1314 2325 1392 2367 per
1409 2310 1516 2352 duos
1533 2325 1667 2353 annos
1684 2310 1796 2353 Stat.
1813 2313 1852 2360 1,
1868 2313 1908 2361 4,
1925 2311 1982 2352 80
1991 2322 2073 2364 seq.

347 2377 537 2430 (‘iterata
558 2376 654 2418 iura
670 2376 832 2430 Asiae'3
853 2390 937 2419 non
957 2380 1067 2419 recte
1078 2378 1428 2432 proconsulatum
1442 2378 1577 2421 Asiae
1596 2378 1664 2420 liis
1680 2378 1817 2420 verbis
1836 2377 2077 2433 siqnificari

350 2447 609 2499 putaverunt
637 2444 863 2499 nonnulli).
924 2445 1097 2488 Exinde
1137 2446 1287 2488 consul
1316 2447 1485 2490 Statius
1523 2461 1560 2489 v.
1593 2449 1654 2490 82
1693 2446 1938 2501 (‘revocant
1973 2445 2074 2490 fasti

348 2514 572 2568 maiorque
602 2512 812 2567 curulis²),
846 2514 900 2567 cf.
933 2517 961 2555 t.
992 2517 1019 2556 5
1050 2513 1225 2568 (primis
1260 2516 1385 2558 annis
1424 2515 1674 2569 Vespasiani
1702 2517 1842 2571 puto).
1885 2506 2074 2557 ⁴Deinde

349 2582 504 2623 missus
540 2581 586 2622 in
621 2580 837 2636 Africam3
876 2596 929 2623 ex
961 2597 1046 2638 qua
1086 2584 1309 2639 provincia
1340 2598 1540 2639 magnam
1577 2584 1805 2640 pecuniam
1834 2582 2004 2638 redegit
2032 2577 2075 2626 et

349 2650 528 2691 Romam
558 2650 676 2691 misit
706 2649 872 2692 Statius
900 2660 937 2694 v.
967 2653 1022 2693 83
1049 2664 1129 2705 seq.
1172 2651 1381 2707 (leqatum
1422 2653 1612 2695 censibus
1651 2650 1910 2706 accipiendis
1942 2651 2075 2706 fuisse

350 2717 636 2772 probabiliter
666 2718 841 2760 coniecit
862 2719 1099 2762 Mommsen
1125 2720 1184 2762 ad
1201 2723 1229 2763 t.
1251 2720 1368 2775 1-3).
1409 2721 1600 2775 Legatus
1621 2719 1860 2763 consularis
1882 2719 1947 2775 (id
1964 2719 2074 2762 enim

351 2785 567 2827 indicatur
587 2785 769 2827 consulis
785 2787 987 2829 vocabulo
1007 2788 1053 2830 in
1075 2791 1102 2830 t.
1117 2791 1160 2843 5)
1182 2789 1439 2845 Vespasiani
1458 2790 1502 2831 in
1523 2788 1675 2832 Africa
1694 2788 1802 2831 fines
1823 2788 2075 2845 provinciae

351 2855 509 2895 veteris
531 2860 572 2895 et
592 2868 730 2896 novae
753 2854 910 2908 derigit
931 2858 958 2905 t,
975 2858 1002 2898 5
1019 2855 1147 2910 (quod
1165 2871 1193 2899 a
1209 2857 1466 2901 Mommseni
1484 2858 1721 2900 coniectura
1741 2871 1826 2900 non
1846 2856 2074 2912 abhorreo.

352 2921 419 2964 Eo
450 2925 630 2975 tempore
655 2925 762 2975 puto
792 2922 856 2964 vel
877 2923 1028 2976 paullo
1051 2927 1151 2978 post
1180 2940 1293 2968 uxor
1323 2927 1415 2968 eius
1446 2925 1657 2968 honorata
1677 2940 1703 2967 a
1722 2925 1963 2982 Leptitanis
1983 2928 2012 2968 t.
2033 2928 2072 2968 3.

354 2990 511 3031 Postea
549 2990 705 3031 missus
746 2991 791 3031 in
822 2991 1102 3034 Germaniam
1141 2993 1326 3036 feliciter
1364 2994 1423 3037 ibi
1459 3009 1527 3036 res
1556 2995 1681 3049 gerit,
1712 2993 1921 3036 Veledam
1959 2994 2075 3050 capit

356 3058 468 3101 Stat.
499 3058 555 3099 ib.
582 3060 649 3099 89.
681 3060 735 3100 90
766 3061 880 3113 (ante
909 3062 1083 3102 mortem
1114 3060 1384 3115 Vespasiani,
1432 3063 1530 3105 Tac.
1560 3061 1702 3105 Germ.
1734 3062 1800 3117 8),
1839 3061 2001 3116 leyatus
2027 3063 2076 3103 ut

357 3127 464 3179 puto
491 3124 748 3169 Germaniae
775 3126 1006 3180 inferioris.
1059 3129 1261 3172 Pontifex
1282 3134 1310 3174 t.
1330 3134 1368 3174 5.
1421 3131 1590 3174 Sodalis
1610 3130 1863 3186 Augustalis
1887 3130 1988 3172 inde
2017 3129 2073 3172 ab

355 3207 466 3234 anno
498 3194 551 3235 68
583 3197 611 3236 t.
633 3197 672 3236 4.
722 3193 972 3237 Praefectus
1013 3195 1108 3238 urbi
1142 3198 1358 3242 Iuvenalis
1378 3202 1442 3250 13,
1463 3202 1548 3242 157
1574 3199 1700 3255 (male
1737 3199 1840 3241 baec
1868 3197 2076 3241 intellexit

355 3261 596 3312 scholiasta,
643 3262 715 3316 aqi
749 3265 913 3317 putans
958 3263 1006 3306 de
1041 3266 1262 3319 praefecto
1306 3267 1518 3322 viyilum),
1565 3267 1704 3310 factus
1744 3280 1770 3309 a
1807 3267 2072 3321 Domitiano,

359 3335 548 3386 tempore
579 3329 679 3372 belli
710 3330 861 3373 Dacici
893 3331 1063 3385 (‘Dacis
1091 3336 1425 3391 pereuntibus'),
1459 3337 1486 3380 i.
1511 3351 1547 3381 e.
1576 3337 1690 3380 inter
1717 3350 1854 3379 annos
1879 3335 1935 3378 86
1957 3340 1999 3378 et
2018 3334 2074 3376 89
