2242 3672
303 291 544 328 TETRIch
1168 273 1251 317 308
1325 271 1327 273 ’
1789 273 1814 276 “
1895 270 2108 316 ’ΤΕΤΤΠῖὲ

318 343 2101 361 --w—

304 448 361 454 --
390 429 489 465 ΙΜΡ.
524 426 662 463 CAES.
696 424 737 459 O.
768 422 876 457 PIVS
906 419 1117 456 ESVVIVS
1148 415 1406 458 TETRICVS.

302 516 360 521 --
391 498 429 534 O.
462 495 568 531 PIVS
601 492 809 528 ESVVIVS
841 488 1083 525 TETRIOVS
1117 486 1324 523 CAESAR.

304 560 357 601 95
389 559 618 610 Tetrinius,
651 555 771 609 latro,
805 551 1046 609 postulatus
1077 565 1102 592 a
1131 549 1291 606 populo
1314 549 1387 604 (ad
1407 548 1567 591 bestias
1592 554 1640 590 ut
1659 548 1865 604 videtur),
1897 549 1979 592 sub
1999 550 2111 594 Gaio

389 626 503 669 Suet.
542 623 633 667 Cal.
664 625 732 664 30.
928 653 931 655 ,

302 696 355 737 96
387 699 550 735 GALEO
583 695 864 732 TETTIENVS
894 693 1247 729 PETRONIANVS
1278 685 1429 728 consul
1460 686 1554 731 suff.
1575 701 1723 728 mense
1742 686 1850 729 Dee.
1871 701 1909 731 a.
1932 686 1987 728 76
2011 700 2111 729 cum

385 762 442 804 M.
466 760 620 803 Fulvio
653 758 826 801 Gillone
858 753 1078 811 diplqmil.
1129 754 1274 798 Huius
1300 755 1482 809 fortasse
1501 757 1637 796 mater
1657 757 1721 810 (ut
1740 754 1916 797 coniecit
1933 753 2112 797 Hirsch-

385 829 487 884 feld)
511 827 746 883 [Pet]ronia
767 826 815 870 C.
837 825 866 869 f.
890 824 1127 880 [G]aleonis
1150 825 1226 878 (se.
1244 823 1375 878 uxor)
1397 827 1425 867 t.
1443 822 1645 865 Asisinas
1659 823 1745 865 XI
1756 825 1876 866 5511.
1906 821 2113 865 Fortasse

383 898 499 953 filius
529 897 628 950 eius,
661 898 768 937 certe
799 908 849 936 ex
878 893 1023 936 eadem
1047 892 1180 947 donw,
1212 891 1346 935 Galeo
1375 892 1589 935 Tettienus
1610 891 1800 946 Severus,
1823 891 1878 945 ef.
1900 891 2034 945 infra.
2058 915 2110 921 —

386 966 552 1008 Liberti
581 979 630 1007 ex
659 964 739 1006 hae
770 963 890 1005 domo
921 961 1136 1005 Galeones
1157 960 1394 1016 Te[ttie]nii
1425 959 1723 1016 Eutychianus
1754 960 1876 1014 signo
1897 959 2112 1002 Daemoni

386 1042 428 1077 et
467 1034 688 1076 Modestus
729 1031 884 1087 si[gn]o
913 1031 1091 1087 ‘Eupori
1133 1030 1202 1073 VI
1222 1030 1383 1082 188505
1424 1028 1520 1073 Gal.
1562 1029 1786 1072 Tettienus
1825 1027 2034 1071 Pardalas
2071 1033 2115 1070 et

386 1103 584 1144 'Pettiena
615 1101 781 1145 Galene
808 1100 888 1142 XI
907 1102 1022 1142 5372
1050 1098 1235 1155 (Asisii’).

300 1172 353 1213 97
386 1178 429 1213 Τ.
461 1176 741 1211 TETTIENVS
774 1174 1000 1211 SERENVS
1029 1167 1135 1222 (tria
1153 1166 1328 1209 nomina
1359 1166 1427 1209 VI
1438 1167 1551 1222 163),
1582 1164 1751 1220 legatus
1771 1163 1962 1220 Augusti
1992 1163 2114 1220 (pro—
2180 1170 2242 1207 a

384 1239 546 1281 vinciae
574 1241 622 1280 ut
650 1237 814 1279 videtur
833 1235 1144 1291 Luydunensis)
1177 1234 1258 1277 sub
1286 1234 1414 1276 finem
1443 1234 1611 1290 imperii
1632 1233 1891 1290 Vespasiani
1914 1232 2114 1289 (Vespas.

385 1309 429 1349 X
459 1323 543 1350 eos.
576 1310 616 1362 t.,
661 1309 807 1361 aperto
849 1305 1008 1360 errore)
1041 1307 1068 1347 t.
1091 1318 1230 1358 prope
1257 1303 1477 1346 Genavam
1514 1317 1603 1357 rep.
1632 1302 1741 1344 XII
1762 1304 1892 1346 2602.
1951 1298 2115 1344 Consul

385 1376 480 1419 suff.
520 1390 617 1417 oum
659 1374 707 1418 C.
753 1374 935 1417 Seoedio
976 1373 1108 1416 Natta
1146 1372 1380 1414 Pinariano
1423 1386 1570 1414 mense
1607 1369 1691 1413 Iul.
1733 1385 1771 1413 a.
1810 1370 1895 1415 in‘c.
1935 1368 2018 1413 VI'
2034 1371 2117 1413 163
2202 1353 2242 1402 ἶ

387 1445 516 1500 (anno
534 1447 590 1486 83
615 1443 691 1489 hos
714 1442 901 1509 consules
922 1442 1073 1484 tribuit
1091 1441 1353 1496 Borqhesius
1374 1454 1465 1495 opp.
1485 1442 1524 1495 5,
1545 1442 1638 1493 311,
1670 1439 1760 1481 sine
1788 1437 1942 1481 idonea
1970 1450 2115 1493 eausa,
2203 1440 2242 1502 ἑζμ

388 1515 441 1567 cf.
467 1513 704 1555 Mommsen
734 1511 792 1554 ad
810 1511 961 1554 IIIS.
984 1525 1032 1565 p.
1054 1513 1168 1554 1962
1187 1513 1272 1554 not.
1293 1513 1343 1560 4,·
1372 1523 1422 1551 ex
1441 1509 1550 1551 XII
1567 1511 1687 1551 2602
1710 1507 1786 1550 hoe
1812 1506 1947 1550 solum
1976 1505 2120 1562 oolliyi
2184 1510 2242 1565 J

384 1585 544 1637 potest,
588 1594 700 1623 anno
730 1583 785 1622 83
824 1579 888 1622 vel
927 1582 1023 1622 ante
1054 1593 1212 1621 annum
1241 1581 1296 1620 83
1327 1577 1512 1620 Tettieno
1553 1577 1600 1619 in
1640 1576 1846 1631 leyatione
1874 1574 2118 1619 successisse

389 1648 626 1692 Cornelium
650 1647 947 1699 Gallicanum;
974 1650 1154 1689 ceterum
1186 1645 1350 1688 videtur
1381 1645 1523 1688 consul
1545 1645 1677 1699 fuisse
1708 1647 1806 1687 ante
1828 1638 2114 1698 Gallicanum,
2197 1649 2242 1687 ἒ

388 1719 460 1772 qui
488 1718 625 1771 fasces
656 1716 788 1759 tenuit
816 1729 954 1758 mense
986 1715 1101 1770 Sept.
1132 1714 1218 1769 84).
1279 1713 1448 1757 sodalis
1469 1712 1721 1768 Augustalis
1748 1718 1972 1769 cooptatus
2003 1727 2040 1755 a.
2061 1712 2117 1755 92

395 1787 463 1829 VI
474 1788 622 1837 ’2984;
651 1786 696 1826 in
727 1786 819 1826 eius
849 1784 992 1826 locum
1023 1783 1132 1825 alius
1165 1789 1388 1839 cooptatus
1419 1798 1457 1824 a.
1486 1783 1567 1825 115
1595 1782 1652 1824 ib.
1682 1807 1728 1811 -
1759 1780 1966 1824 Fortasse
1993 1779 2120 1823 huius

392 1855 563 1897 libertus
594 1853 644 1895 T.
677 1853 903 1895 'Pettienus
934 1852 1082 1907 Felix,
1125 1851 1298 1893 kalator
1335 1850 1589 1907 pontificum
1629 1856 1672 1892 et
1709 1843 1930 1892 flaminum
1965 1864 2005 1893 a.
2037 1848 2116 1902 101Ι

400 1923 462 1965 VI
487 1925 598 1966 2184
627 1935 663 1964 v.
686 1925 712 1964 6
743 1922 807 1976 (ut
836 1920 1020 1963 Serenus
1050 1921 1177 1963 etiam
1197 1920 1397 1974 pontifex
1425 1919 1595 1973 fuerit),·
1630 1919 1732 1961 item
1760 1916 1864 1971 (nisi
1882 1918 2032 1973 potius
2059 1919 2121 1960 est

389 1991 513 2045 idem)
545 1992 596 2034 T.
634 1992 858 2033 Tettienus
888 1989 1027 2044 Felix,
1059 1988 1329 2044 Augustalis,
1361 1987 1502 2030 scriba
1531 1987 1735 2030 librarius
1765 1986 1972 2030 aedilium
1999 2000 2120 2029 cura·
2180 2044 2182 2046 .
2208 1985 2231 2031 Ξ

392 2060 508 2114 lium,
543 2061 684 2101 viator
714 2058 919 2101 aedilium
949 2058 1099 2115 plebis,
1132 2073 1340 2100 aecensus
1371 2056 1537 2099 consuli
1568 2056 1617 2099 X
1642 2059 1722 2099 531
1752 2054 1975 2111 (Salerni).

305 2130 359 2171 98
392 2128 595 2183 GALOEo)
618 2134 900 2169 TETTJENVS
924 2133 1148 2169 SEVERvs
1170 2128 1351 2169 maritus
1371 2126 1542 2168 Anniae
1564 2124 1816 2180 Quartillae,
1839 2138 1973 2180 gener
1989 2121 2121 2180 Appii
2184 2112 2238 2191 ᾖ,

393 2198 527 2240 Annii
557 2198 691 2239 Marsi
728 2201 756 2239 t.
789 2197 1022 2239 Perusinus
1050 2195 1132 2238 XI
1152 2199 1272 2238 1940.
1334 2193 1399 2249 Cf.
1428 2209 1564 2250 supra
1592 2195 1669 2236 sub
1708 2188 1897 2237 Galeone
1932 2192 2119 2235 Tettieno

393 2266 667 2308 Petroniano.

308 2335 362 2376 99
394 2334 442 2377 O.
467 2335 648 2389 Tettius,
678 2334 884 2376 Petronia
905 2333 1155 2387 (Caetronia
1177 2333 1351 2387 epitome
1381 2331 1576 2387 Paridis)
1597 2337 1737 2386 natus,
1769 2331 1912 2373 infans
1942 2345 1969 2372 a
1988 2335 2120 2386 patre

394 2403 724 2456 exhereditatus,
758 2402 930 2444 decreto
956 2401 1142 2456 Augusti
1174 2408 1355 2458 paterna
1383 2401 1497 2444 bona
1515 2400 1704 2443 obtinuit
1735 2399 1873 2444 Valer.
1897 2398 2123 2442 Maximus

395 2475 430 2522 7,
461 2475 498 2526 7,
531 2475 570 2515 3.
629 2471 776 2528 Possis
814 2471 1028 2526 suspicari
1062 2484 1148 2512 non
1193 2471 1374 2513 Tettium
1410 2469 1485 2512 sed
1527 2469 1759 2512 Tettienum
1799 2467 1957 2510 dietwm
1990 2467 2123 2522 fuisse

392 2539 528 2593 filiurn
558 2534 807 2593 Petroniae,
822 2542 1002 2593 propter
1037 2539 1269 2581 Tettienum
1297 2538 1615 2592 Petronianum,
1647 2551 1781 2592 supra
1809 2550 1851 2581 n.
1883 2539 1948 2579 96.

309 2608 389 2648 100
421 2606 469 2648 C.
491 2607 659 2648 Tettius
680 2606 925 2650 Africanus.
973 2607 1124 2650 Tituli:
1154 2606 1355 2649 Asisirias
1382 2606 1463 2649 XI
1483 2609 1598 2649 5382
1628 2605 1701 2660 (1).
1745 2604 2015 2647 Memoratur
2034 2601 2124 2646 III
2172 2602 2206 2645 {a

395 2677 449 2715 35
480 2674 556 2730 (2).
619 2674 666 2719 C.
697 2675 864 2718 Tettius
895 2675 1129 2718 Africanus
1161 2678 1188 2718 t.
1219 2678 1261 2730 2,
1302 2707 1425 2717 .....
1457 2675 1689 2717 Africanus
1724 2677 1750 2716 t.
1781 2677 1820 2718 1.
1881 2672 1930 2718 C.
1961 2672 1991 2717 f.
2022 2674 2051 2716 t.
2081 2673 2120 2716 1.

398 2742 535 2784 Tribu
566 2742 665 2787 Ouf.
697 2747 723 2787 t.
755 2747 793 2785 1.
855 2744 997 2786 Praef.
1029 2743 1213 2798 vigilum
1241 2744 1298 2786 ib.
1355 2743 1610 2785 Praefectus
1649 2756 1847 2784 annonae
1875 2741 1932 2785 ib.
1991 2741 2124 2784 Prae-

395 2809 532 2851 fectus
563 2810 752 2866 Aegypti
784 2811 917 2867 (Ayg.
941 2827 1027 2866 pro
1056 2812 1166 2867 Aeg.
1204 2815 1233 2854 t.
1263 2812 1312 2865 2)
1342 2814 1370 2854 t.
1401 2815 1440 2855 1.
1472 2814 1515 2866 2,
1547 2810 1588 2853 d.
1622 2812 1675 2853 12
1706 2809 1834 2854 Febr.
1865 2824 1903 2854 a.
1934 2809 2002 2864 82,
2034 2821 2122 2865 quo
2155 2794 2219 2866 25⁹ss

395 2892 505 2919 uxor
536 2878 625 2919 eius
654 2879 922 2922 Funisulana
946 2879 1143 2923 Vettulla
1171 2879 1448 2922 Memnonem
1479 2878 1618 2921 audiit
1647 2881 1676 2920 t.
1701 2881 1744 2922 2.
2186 2867 2203 2887 ³

316 2945 393 2986 101
428 2946 597 2987 Tettius
630 2945 847 3002 Caballus,
881 2963 1030 2990 scurra
1059 2955 1107 2990 ut
1136 2948 1311 2990 videtur
1331 2947 1532 2990 Martial.
1554 2951 1591 3000 1,
1613 2950 1678 3002 41,
1705 2950 1772 2989 17.
1798 2950 1893 2990 20.»
2143 2987 2160 2998 „

316 3014 395 3055 102
426 3019 636 3055 TETTIVS
658 3021 894 3057 IVLIANVS
918 3017 993 3070 (ςέο
1016 3016 1117 3070 dipl.
1139 3016 1241 3068 mil„
1262 3016 1361 3058 item
1387 3016 1499 3070 Tac„
1530 3015 1618 3057 nisi
1647 3014 1760 3069 quod
1783 3015 1908 3057 Titus
1928 3012 2124 3056 Iulianus
2169 3018 2210 3070 g}

396 3081 599 3135 seriptum
630 3084 689 3122 est
723 3082 820 3123 Tae.
853 3083 891 3126 h.
923 3087 961 3137 4,
995 3087 1059 3138 39,
1102 3084 1297 3126 Iulianus
1329 3090 1370 3125 et
1400 3084 1543 3126 Titius
1574 3087 1610 3138 1,
1643 3082 1727 3138 79).
1786 3082 1840 3125 A.
1871 3082 1926 3125 69
1956 3081 2124 3137 legatia

398 3146 578 3202 legionis
620 3151 824 3205 septimae
856 3151 1063 3194 Claudiae
1103 3155 1147 3195 in
1186 3153 1352 3195 Moesia
1378 3153 1476 3195 Tac.
1506 3152 1546 3196 h.
1578 3156 1614 3207 1,
1650 3155 1715 3195 79.
1743 3155 1784 3207 2,
1816 3153 1884 3195 85.
1934 3150 2125 3194 Auctore
2153 3139 2229 3207 ,⁹³⁹3

400 3214 571 3258 Othone
601 3217 899 3260 consularibus
928 3223 1190 3263 ornamentis
1221 3221 1403 3264 donatus
1435 3221 1489 3263 ob
1515 3235 1583 3262 res
1604 3226 1755 3263 contra
1775 3218 1994 3263 Sarmatas
2013 3217 2124 3261 bene
2166 3259 2189 3263 ,

398 3290 539 3338 gestas
577 3285 674 3329 Tac.
706 3285 746 3327 k.
778 3290 815 3339 1,
849 3290 912 3329 79.
974 3288 1082 3330 Cum
1124 3290 1339 3331 exereitus
1377 3289 1568 3331 Moesiae
1610 3289 1655 3330 in
1685 3288 1944 3344 Vespasiani
1978 3291 2123 3343 partes

401 3351 634 3406 transisset,
668 3351 862 3407 Aponius
885 3353 1155 3410 Saturninus,
1188 3356 1378 3398 Moesiae
1406 3363 1559 3406 rector,
1585 3356 1655 3399 ‘ob
1683 3355 1934 3410 simultates,
1966 3353 2123 3410 quibus
2166 3347 2216 3409 μ’).
