2242 3672
152 262 364 300 TVLLIVS
1022 260 1103 302 341
1756 267 1973 303 TVLLIVS

233 411 281 451 p.
298 399 398 448 238,
419 399 462 440 2.
484 395 540 451 5),
569 396 852 452 Traianopoli
871 394 1087 450 (Mionnct
1106 398 1141 440 I
1150 412 1196 452 p.
1214 400 1302 441 423
1321 412 1362 440 n.
1378 400 1470 449 379,
1491 397 1629 453 suppl.
1645 398 1708 440 II
1718 400 1813 448 506,
1841 401 1975 455 1777),

238 468 314 507 aut
345 465 495 507 Marci
524 468 599 507 aut
630 465 730 508 Veri
759 469 887 520 caput
917 465 1155 509 ealcibentes
1191 467 1318 522 (male
1346 467 1437 510 sine
1469 467 1595 510 dubio
1625 467 1673 509 in
1701 481 1872 510 nummo
1905 482 1972 522 ap.

236 533 433 576 Mionnet
462 533 599 588 suppl.
622 534 684 576 II
704 537 798 585 368,
830 538 915 577 977
944 535 1102 577 dicitur
1142 549 1227 578 6336
1268 539 1398 590 caput
1427 536 1502 578 Pii
1511 549 1524 588 ,·
1563 536 1726 590 leqatus
1762 536 1976 579 Thraciae

238 605 420 657 tempore
448 602 598 644 mortis
626 601 841 645 Antonini
869 602 947 644 Pii
986 603 1072 657 fuit
1101 604 1151 645 L.
1186 603 1439 647 Pullaienus
1475 604 1701 660 Garyilius
1729 604 1974 660 Antiquus).

237 670 446 725 Leyatum
482 670 697 713 Thraciae
727 671 860 724 fuisse
890 672 1018 713 etiam
1049 675 1151 726 post
1180 676 1356 715 mortem
1388 673 1488 715 Veri
1517 674 1693 716 coniecit
1722 673 1831 716 Pick
1860 688 1974 718 num.

239 738 443 782 Zeitschr.
472 742 543 789 23,
576 741 686 782 1891
704 754 754 794 p.
776 743 830 782 63
858 743 944 783 not.
966 743 1034 790 81,
1067 740 1141 783 sed
1161 741 1295 795 plane
1325 742 1488 784 incerta
1519 742 1568 784 de
1600 756 1743 786 causa.

150 807 231 850 281
265 814 478 851 TVLLIVS
519 813 847 851 MENOPHILVS
889 809 1103 864 (Τούλλιος
1142 809 1375 868 Μηνόφιλος
1406 825 1492 854 exc.
1526 811 1575 853 de
1607 811 1698 866 leq„
1742 811 1976 869 Μηνόφιλος

234 878 407 928 nummi,
437 877 614 928 Herod„
650 876 897 919 Menofilius
919 879 991 922 vit.
1015 879 1265 930 Maximin„
1286 878 1520 922 Melofilius
1543 879 1731 922 traditur
1751 881 1821 922 vit.
1846 880 1970 926 Max.

236 949 277 989 et
304 946 467 1001 Bam).
507 946 580 1000 Cf.
640 947 853 1002 Boryhesi
883 962 976 1002 opp.
1008 951 1051 999 2,
1084 951 1178 991 227
1195 961 1277 1002 seq.

323 1014 488 1058 Consul
505 1014 619 1071 (suff.
638 1031 678 1061 a.
698 1017 795 1073 inc.)
814 1024 916 1059 ante
939 1032 1102 1059 annum
1118 1017 1202 1060 238
1214 1016 1374 1060 Herod.
1386 1019 1426 1068 8,
1442 1020 1486 1068 2,
1504 1020 1542 1068 6,
1565 1018 1636 1061 vit.
1656 1017 1890 1061 Maoeimin.
1903 1021 1973 1068 21,

235 1085 307 1127 vit.
332 1084 566 1127 Maximin.
589 1088 628 1127 et
647 1085 824 1128 Balbin.
847 1089 916 1129 12.
978 1085 1034 1128 A.
1068 1086 1151 1128 238
1179 1087 1336 1128 missus
1367 1101 1394 1128 a
1424 1092 1578 1128 senatu
1607 1085 1856 1143 Aquileiam
1888 1101 1976 1128 una

236 1167 335 1195 cum
367 1152 569 1210 Crispino
609 1161 760 1197 contra
789 1155 1081 1197 Maximinum
1122 1155 1292 1197 fortiter
1333 1154 1529 1197 defendit
1558 1155 1719 1199 Herod.
1754 1155 1780 1198 l.
1813 1169 1861 1206 c.,
1899 1155 1972 1198 vit.

235 1222 422 1267 Maxim.
454 1226 523 1266 21.
556 1226 632 1274 22,
664 1224 735 1267 vit.
769 1224 955 1268 Maxim.
988 1227 1027 1266 ct
1053 1223 1184 1266 Balb.
1218 1223 1244 1266 l.
1277 1238 1309 1268 c.
1352 1223 1553 1277 (fortasse
1581 1237 1691 1266 unus
1731 1239 1781 1267 ex
1822 1224 1976 1278 viyinti

234 1291 341 1335 viris
380 1292 677 1335 consularibus
721 1293 982 1348 reipublicae
1021 1292 1267 1349 curandae).
1345 1293 1536 1348 Legatus
1583 1293 1822 1336 consularis
1870 1293 1972 1347 (ὑπ.)

234 1359 426 1403 Moesiae
457 1361 698 1416 inferioris,
733 1361 813 1403 sub
846 1361 1088 1416 Gordiano,
1121 1368 1222 1404 ante
1252 1377 1290 1404 a.
1323 1362 1402 1404 241
1437 1362 1600 1404 nummi
1629 1362 1974 1417 Marcianopoli-

233 1432 433 1472 tanorum
463 1444 532 1484 ap.
562 1430 761 1472 Mionnet
789 1431 825 1473 I
837 1445 887 1484 p.
907 1433 1001 1480 359,
1032 1433 1098 1481 36,
1127 1429 1267 1485 suppl.
1289 1430 1351 1472 II
1364 1445 1413 1484 p.
1440 1433 1534 1481 109,
1565 1433 1650 1474 320
1678 1444 1774 1485 seq„
1798 1446 1846 1486 p.
1876 1434 1970 1482 111,

231 1501 318 1541 332
346 1512 452 1554 seq„
494 1499 612 1544 Mus,
647 1498 791 1543 Berol.
824 1498 998 1541 Beschr.
1033 1499 1072 1541 d.
1107 1499 1296 1542 Munzen
1326 1499 1360 1541 I
1384 1514 1432 1553 p.
1462 1502 1517 1542 68
1544 1513 1586 1543 n.
1619 1502 1761 1541 63-71
1792 1499 1972 1555 (tempus

232 1567 330 1610 inde
358 1570 468 1610 recte
499 1567 713 1622 colliyitur
741 1567 856 1622 quod
888 1567 1191 1622 Tranquillina
1221 1569 1267 1610 in
1297 1568 1481 1610 nummis
1507 1582 1594 1610 non
1624 1572 1859 1623 comparet,
1899 1569 1974 1611 scd

231 1637 308 1679 ub'i
334 1638 483 1679 uxoris
514 1640 643 1691 caput
677 1638 973 1692 expectaveris,
1012 1640 1252 1680 constanter
1283 1637 1403 1679 adest
1433 1637 1635 1692 Serapis,·
1676 1638 1730 1691 cf.
1761 1637 1973 1693 Boryhcsi

234 1720 328 1761 opp.
350 1710 382 1749 2
403 1721 451 1761 p.
473 1709 557 1750 231
586 1709 672 1748 not.
704 1709 748 1757 1,
781 1706 890 1748 Piclc
920 1720 1033 1749 num.
1066 1705 1270 1750 Zeitsckr.
1302 1706 1425 1750 Wien
1454 1709 1525 1757 23,
1558 1709 1663 1748 1891
1686 1721 1733 1760 p.
1755 1706 1837 1761 50),
1879 1706 1971 1748 dux

232 1774 423 1817 Moesiae
461 1774 618 1816 Petrus
659 1774 877 1834 Patricius
916 1789 1003 1817 esce.
1046 1774 1096 1817 de
1137 1774 1211 1829 leq.
1255 1774 1438 1830 (Muller
1475 1775 1530 1829 fr.
1572 1775 1667 1818 laist.
1703 1774 1856 1818 Graec.
1899 1775 1978 1817 IV

230 1858 280 1899 p.
311 1846 406 1894 186,
438 1842 495 1898 8),
537 1844 807 1900 provinciam
848 1858 927 1900 per
968 1850 1054 1886 tres
1095 1858 1231 1885 annos
1270 1843 1462 1886 obtinuit
1490 1844 1548 1886 ib.
1609 1844 1799 1898 Leyatus
1838 1844 1970 1898 iyitur

234 1912 428 1955 Moesiae
456 1912 679 1966 inferioris
708 1912 795 1966 fuit
825 1912 879 1954 ab
912 1927 952 1954 a.
983 1915 1070 1956 238
1101 1912 1159 1954 ad
1189 1927 1229 1957 a.
1250 1915 1349 1955 241.
1409 1911 1638 1966 Quomodo
1669 1911 1833 1967 legatos
1865 1911 1969 1955 Car-

230 1996 385 2038 porum
416 1982 670 2023 tractaverit
700 1981 856 2024 Petrus
886 1980 1002 2025 Pctr.
1037 1981 1062 2023 l.
1096 1996 1129 2024 c.

145 2049 230 2092 282
260 2049 320 2093 Μ.
353 2049 522 2092 Tullius
550 2051 654 2092 Tiro
686 2050 792 2105 (tria
817 2050 993 2092 nomina
1014 2051 1164 2105 posuit
1190 2050 1488 2104 Hieronymus,
1521 2049 1692 2092 Tullius
1723 2050 1828 2092 Tiro
1850 2050 1967 2093 Plin.

229 2117 271 2162 h.
292 2133 334 2161 n.
362 2123 395 2170 1,
417 2123 460 2170 2,
491 2118 599 2162 Gell.
622 2122 659 2169 6,
682 2122 721 2169 3,
742 2121 809 2161 54.
837 2121 902 2169 13,
920 2122 958 2169 9,
978 2122 1016 2169 1,
1047 2119 1174 2161 schol.
1191 2119 1314 2169 Bab„
1339 2119 1443 2160 Tiro
1467 2118 1636 2160 Tullius
1660 2118 1769 2163 Gell.
1786 2123 1824 2174 4,
1841 2123 1907 2170 10,
1927 2123 1965 2162 6.

231 2191 269 2238 6,
295 2191 335 2238 3,
360 2191 400 2232 8.
426 2191 489 2231 54.
520 2191 591 2239 12,
615 2191 655 2238 3,
682 2191 731 2239 3,·
759 2187 1008 2242 plerumque
1034 2189 1169 2243 Tiro),
1194 2187 1417 2230 Ciceronis
1447 2187 1640 2241 libertus,
1673 2189 1966 2230 manumissus

232 2272 270 2299 a.
289 2258 363 2299 701
393 2257 480 2300 (Jic.
501 2257 559 2299 ad
580 2258 684 2311 fam.
709 2261 772 2308 16,
797 2260 851 2299 16
871 2257 928 2312 (si
945 2260 1056 2299 recte
1078 2271 1124 2299 eo
1146 2271 1257 2300 anno
1278 2257 1387 2299 hanc
1410 2256 1634 2311 epistulam
1657 2257 1861 2311 scriptam
1882 2270 1968 2299 esse

229 2327 382 2368 statuit
403 2326 600 2368 Koerner
625 2327 670 2368 in
696 2326 877 2368 editione
896 2325 1261 2379 Mendelssohnii).
1293 2324 1561 2367 Adulescens
1584 2325 1805 2367 etiamtum
1827 2341 1865 2368 a.
1884 2326 1966 2367 704

230 2395 317 2440 Cic.
336 2395 396 2438 ad
410 2395 501 2440 Au.
514 2399 551 2446 6,
567 2399 603 2446 7,
617 2399 659 2439 2.
693 2397 929 2437 Patronum
954 2395 1181 2437 comitatus
1199 2401 1263 2436 est
1279 2396 1324 2436 in
1340 2394 1540 2437 Ciliciam
1556 2394 1712 2436 adAtt.
1726 2398 1765 2444 6,
1776 2397 1815 2444 7,
1827 2398 1859 2437 2
1871 2397 1967 2445 cet.‚·

232 2464 405 2507 rediens
434 2464 585 2513 morbo
618 2471 843 2521 correptus
867 2465 1009 2506 Patris
1042 2463 1234 2506 substitit
1265 2463 1595 2505 convalescendi
1627 2478 1757 2505 causa
1778 2463 1837 2505 ad
1859 2464 1963 2517 fam.

229 2537 294 2588 16,
328 2538 353 2576 1
385 2538 458 2578 cet.
512 2535 579 2576 ‘In
613 2533 852 2576 Puteolano
890 2533 1068 2589 praedio
1102 2548 1240 2589 usque
1272 2533 1325 2575 ad
1357 2533 1641 2575 centesimum
1671 2547 1833 2574 annum
1864 2547 1963 2574 con-

231 2604 429 2645 senescit'
459 2603 747 2657 Hieronymus
774 2603 837 2645 vad
863 2618 902 2645 a.
934 2603 1042 2645 Abr.
1073 2606 1188 2646 2013
1218 2601 1290 2654 (z
1322 2617 1362 2645 a.
1393 2617 1433 2644 u.
1467 2616 1500 2645 c.
1535 2604 1654 2658 750);
1689 2601 1764 2644 sed
1789 2602 1862 2643 vix
1891 2601 1964 2643 illo

231 2686 343 2714 anno
380 2675 592 2722 mortuus,
636 2686 728 2714 cum
770 2687 809 2715 a.
850 2675 929 2714 704
967 2672 1100 2725 fuerit
1140 2671 1395 2714 adulescens.
1468 2670 1554 2713 ‘Ab
1602 2671 1777 2712 ineunte
1823 2677 1964 2712 aetate

231 2740 470 2783 liberaliter
500 2742 767 2796 institutus‘3
799 2756 848 2783 eo
884 2740 1254 2782 ‘adminiculatore
1287 2746 1330 2782 et
1360 2741 1485 2796 quasi
1515 2739 1770 2781 administro
1802 2740 1847 2780 in
1879 2745 1964 2781 stu-

231 2809 314 2851 diis
346 2809 590 2852 litterarum
622 2809 775 2852 Cicero
808 2825 912 2852 usus
945 2816 1023 2851 est‘
1056 2808 1223 2852 Gellius
1252 2813 1290 2859 6,
1320 2813 1359 2859 3,
1392 2811 1430 2858 8,
1465 2810 1519 2862 cf.
1551 2809 1608 2851 ib.
1636 2811 1702 2858 13,
1731 2811 1770 2858 9,
1798 2811 1845 2859 1;
1877 2807 1961 2852 Cic.

231 2878 289 2921 ad
317 2879 422 2932 fam.
447 2883 514 2929 16,
535 2882 574 2929 4,
596 2882 636 2921 3.
667 2882 733 2929 16,
758 2882 825 2929 17,
847 2882 885 2929 1,
919 2878 978 2921 ad
996 2878 1088 2920 Aa.
1111 2882 1147 2929 7,
1168 2881 1208 2929 5,
1231 2882 1274 2921 2.
1326 2877 1546 2934 Epistulas
1570 2877 1793 2920 Ciceronis
1814 2878 1963 2919 etiam-

231 2955 322 2989 tum
354 2949 455 2989 vivo
494 2954 676 3003 patrono
719 2946 924 3002 colligere
954 2948 1099 3004 coepit
1130 2946 1214 2990 Cic.
1248 2947 1306 2989 ad
1335 2946 1428 2989 Att.
1457 2950 1521 2996 16,
1552 2949 1592 2996 5,
1623 2949 1650 2988 5
1680 2947 1734 2999 cf.
1768 2946 1826 2987 ad
1855 2946 1959 2999 fam.

228 3020 293 3067 16,
316 3019 383 3066 17,
405 3020 444 3058 1.
504 3015 848 3058 Commentarios
877 3017 1048 3072 patroni
1081 3016 1216 3058 edidit
1253 3015 1430 3069 Quintil.
1457 3018 1523 3064 10,
1549 3018 1585 3064 7,
1607 3018 1660 3056 30
1690 3014 1761 3069 (cf.
1800 3012 1962 3065 Teuffel

228 3088 321 3135 180,
342 3084 399 3139 3).
447 3084 572 3126 Libri
595 3084 817 3127 Ciceronis
849 3085 1077 3127 emendate
1109 3092 1157 3127 ut
1188 3084 1438 3139 legerentur
1467 3083 1638 3125 curavit
1666 3082 1775 3124 Gell.
1798 3086 1834 3135 1,
1862 3086 1896 3136 7,
1920 3086 1958 3124 1.

228 3158 296 3205 13,
319 3157 388 3204 21,
411 3157 449 3196 6.
481 3157 546 3204 15,
571 3157 609 3204 6,
631 3158 684 3205 2,·
716 3154 971 3209 subscriptio
1003 3154 1192 3197 codicum
1221 3153 1500 3208 quorundam,
1534 3167 1602 3206 ap.
1631 3151 1753 3193 Jahn
1783 3151 1885 3193 Ber.
1918 3150 1956 3193 d.

227 3222 363 3265 sachs.
393 3222 618 3266 Gesellsch.
643 3223 682 3265 d.
715 3223 779 3267 W.
802 3226 908 3266 1851
930 3238 979 3277 p.
1000 3227 1096 3273 329,
1132 3222 1353 3276 Kiessliny
1385 3221 1614 3263 coniectan.
1637 3220 1671 3261 Ι
1694 3219 1800 3274 (ind.
1830 3219 1958 3262 schol.

225 3291 542 3347 Gryphiswald.
572 3291 697 3346 1883)
720 3307 767 3347 p.
793 3296 830 3335 6.
892 3293 960 3334 De
1001 3294 1094 3334 vita
1134 3292 1306 3347 patroni
1349 3290 1522 3346 scripsit
1559 3288 1692 3330 libros
1733 3289 1958 3330 minimum

227 3366 435 3416 quattuor
454 3359 610 3404 Ascon.
632 3360 679 3402 in
702 3360 801 3404 Mil.
826 3375 873 3415 p.
895 3363 950 3402 43
974 3359 1158 3411 Kiessl.‚·
1187 3359 1304 3402 Plut.
1328 3357 1411 3402 Cic.
1433 3362 1499 3400 41.
1521 3360 1573 3400 49
1581 3370 1594 3408 ;
1632 3356 1731 3399 Tac.
1753 3357 1856 3400 dial.
1879 3361 1938 3400 17
1946 3370 1958 3408 ,·
