2242 3672
262 226 383 263 SEPT
389 226 596 262 IDIANVS
1127 216 1210 258 202
1807 220 2068 256 SEPTIMIVS

270 383 327 388 --
372 364 412 400 C.
446 361 705 399 SERVILIVS
739 353 1095 396 *SEPTIDIANVS
1126 358 1328 396 FIRMVS.

270 451 325 456 —-
369 433 420 469 M.
453 429 731 466 PETRONIVS
765 428 893 463 SVRA
925 427 1274 463 SEPTIMIANVS.

267 519 323 524 -—-
366 501 410 536 L.
440 499 619 534 FABIVS
662 496 773 532 CILO
808 495 1108 531 SEPTIMINVS
1141 494 1372 530 CATINIVS
1404 493 1673 530 ACILIANVS
1705 490 1778 530 Cet.

269 588 326 593 —-
369 569 412 604 L.
445 566 663 602 LICINIVS
700 563 1013 601 SEPTIMINVS.

268 657 326 662 —
368 631 547 672 Porcius
580 628 857 684 Septiminus,
1570 643 1577 652 ·

254 700 337 742 304
369 698 631 754 Septiminus
673 696 746 748 (sie
785 695 856 737 vit.
898 694 1021 738 Alex.
1054 698 1119 745 17,
1152 697 1195 745 2,
1236 694 1470 750 Septimius
1504 695 1582 744 48,
1614 692 1671 747 7),
1716 692 1891 749 scripsit
1933 692 2068 735 vitam

341 767 489 809 Severi
519 764 759 807 Alexandri
789 764 862 805 vit.
894 762 1016 805 Alex.
1046 766 1112 814 17,
1144 766 1188 807 2.
1218 766 1285 814 48,
1319 766 1357 805 7.

254 836 335 877 305
369 840 629 876 SEPTIMIVS
678 831 913 888 (Ἔπιτίμιος
958 831 1149 874 traditur
1194 846 1262 887 ap.
1310 831 1546 882 Zosimum,
1599 829 1864 886 Septiminus
1913 827 2072 872 codices

341 903 545 957 epitomae
576 903 674 943 teste
699 900 863 955 Opitsz‘o
886 903 965 944 aet.
987 914 1069 943 soe.
1092 901 1209 955 Lv‘pS.
1227 904 1258 944 2
1278 915 1327 955 p.
1349 901 1465 954 251),
1493 898 1718 942 Aureliani
1743 904 1936 955 tompore
1956 895 2069 953 apud

338 970 563 1013 Dalmatas
596 970 829 1025 imperator
860 969 1047 1023 effectus,
1075 983 1177 1010 mox
1208 984 1234 1010 a
1268 969 1356 1011 suis
1383 967 1666 1010 obtruncatur
1692 966 1796 1010 Vict.
1819 966 1916 1020 epit.
1937 967 2002 1016 35,
2021 967 2074 1016 .·'›',·

342 1038 420 1081 sub
443 1037 691 1092 Aureliano,
716 1052 814 1079 cum
836 1051 972 1079 novas
995 1052 1062 1079 res
1089 1037 1326 1091 moliretur,
1351 1037 1494 1079 statim
1517 1050 1748 1093 oppressus
1768 1035 1926 1078 Zosim.
1946 1037 1986 1086 1,
2006 1036 2072 1078 49.

256 1109 340 1150 306
373 1107 618 1163 Septimius,
653 1107 818 1148 amicus
855 1107 916 1159 (et
946 1106 1177 1148 commilito
1210 1105 1439 1160 Porphyr.)
1472 1105 1656 1159 Horatii,
1688 1118 1819 1160 eques
1854 1104 2074 1146 Romanus

339 1175 546 1230 Porphyr.
573 1174 631 1217 ad
650 1189 780 1217 earm.
802 1177 845 1225 2,
868 1178 904 1229 6,
937 1174 993 1217 ad
1024 1190 1152 1231 quem
1183 1175 1392 1217 Horatius
1421 1174 1543 1216 dedit
1573 1187 1702 1216 earm.
1724 1176 1767 1223 ,2,
1790 1175 1829 1217 6.
1870 1170 2074 1214 Eundem

343 1250 391 1286 ut
428 1244 603 1285 videtur
642 1243 915 1285 commendat
956 1244 1022 1286 Ti.
1060 1243 1222 1285 Neroni
1255 1257 1315 1298 ep.
1348 1246 1386 1294 1,
1420 1245 1458 1285 9.
1520 1242 1627 1297 (Vix
1656 1241 1786 1292 idem,
1819 1253 2072 1295 quamquam

343 1313 390 1355 id
418 1313 645 1367 perhibent
681 1312 843 1354 scholia
881 1310 1152 1365 Oruquiana,
1196 1311 1337 1353 Titius
1379 1325 1521 1353 comes
1557 1310 1624 1352 Ti.
1656 1309 1841 1352 Neronis
1871 1308 1980 1351 Hor.
2011 1321 2075 1364 ep.

343 1383 381 1431 1,
415 1384 454 1430 3,
487 1380 543 1434 9).
603 1379 692 1422 Nee
724 1379 910 1421 diversus
943 1379 1177 1435 Septimius
1209 1386 1295 1421 tam
1327 1379 1511 1420 Horatio
1543 1392 1675 1434 quam
1707 1377 1905 1431 Augusto
1935 1381 2075 1431 notus,

344 1455 603 1490 memoratus
631 1449 675 1489 in
708 1447 893 1503 epistula
922 1447 1109 1502 Augusti
1141 1447 1197 1490 ad
1228 1448 1460 1490 Horatium
1493 1446 1612 1490 Suet.
1643 1446 1716 1488 vit.
1748 1445 1904 1488 Horat.
1936 1444 2002 1500 (p.
2022 1446 2077 1488 45

347 1517 407 1560 ed.
439 1515 774 1571 Reifferscheid).

261 1586 344 1629 307
378 1585 625 1641 Septimius,
662 1585 857 1626 centurio
889 1585 934 1626 in
965 1585 1160 1626 exercitu
1192 1584 1453 1628 Germaniae
1484 1583 1711 1638 inferioris,
1744 1597 1782 1625 a.
1813 1597 1855 1639 p.
1887 1580 1990 1627 Chr.
2023 1581 2079 1624 14

347 1669 372 1696 a
401 1653 610 1696 militibus
642 1653 856 1695 seditiosis
889 1654 1056 1696 occisus
1094 1653 1191 1697 Tae.
1224 1667 1264 1704 a,
1297 1656 1335 1704 1,
1366 1655 1437 1696 32.

260 1723 343 1765 308
376 1722 619 1779 Septimius,
651 1722 772 1764 miles
804 1729 852 1764 ut
881 1722 1068 1774 videtur,
1100 1737 1138 1764 a.
1166 1723 1220 1764 69
1250 1737 1337 1764 una
1368 1736 1465 1764 cum
1488 1720 1752 1778 Nymphidio
1785 1725 1928 1763 castra
1957 1733 2078 1776 prae-

346 1792 456 1833 toria
486 1792 703 1845 ingressus
736 1805 831 1832 eum
864 1797 1014 1833 contra
1043 1792 1152 1832 ictus
1184 1790 1379 1833 defendit
1398 1789 1516 1832 Plut.
1545 1789 1671 1832 Gall).
1694 1792 1778 1833 14.·

261 1866 343 1908 309
374 1865 629 1922 Septimius:
680 1864 814 1906 libros
865 1865 1217 1907 observationum
1267 1865 1321 1907 ab
1374 1879 1422 1906 eo
1473 1864 1611 1906 editos
1651 1864 1756 1905 citat
1790 1862 2080 1917 Quintilianus

344 1937 528 1984 4,1,19.
571 1932 636 1987 Of.
674 1932 836 1985 Teuffel
865 1934 951 1975 Lit.
982 1933 1014 1988 ,ς
1043 1936 1136 1984 315,
1168 1936 1207 1976 5.

260 2009 343 2051 310
375 2007 608 2064 Septimius
637 2008 710 2049 vit.
743 2007 835 2050 sev.
862 2006 985 2051 Alex.
1016 2010 1083 2058 48,
1117 2011 1154 2050 7.
1218 2007 1263 2050 V.
1297 2007 1575 2063 Septiminus.

259 2082 339 2124 311
374 2082 672 2135 (SEPTIMIVS)
704 2087 838 2122 AFER
870 2079 943 2133 (an
974 2081 1138 2123 APER?
1181 2082 1234 2136 ef.
1266 2082 1388 2135 infra
1415 2082 1492 2124 sub
1526 2081 1731 2135 Septimio
1760 2078 1914 2134 Apro),
1943 2079 2079 2123 frater

346 2148 552 2206 patruelis
585 2148 845 2203 Caracallae,
879 2150 934 2192 ab
963 2165 1011 2192 eo
1036 2151 1204 2192 occisus
1225 2157 1322 2207 post
1342 2157 1523 2193 mortem
1545 2150 1683 2194 Getae
1702 2150 1773 2192 vit.
1803 2147 1956 2192 Carae.
1977 2151 2016 2199 3,
2039 2150 2078 2191 6.

261 2225 343 2267 312
373 2224 424 2266 L.
459 2224 729 2279 Sep(timius)
760 2223 1071 2279 Agathonicus,
1106 2226 1174 2267 vir
1203 2226 1401 2280 egregius
1433 2228 1461 2267 t.
1494 2225 1775 2274 suburbanus,
1819 2238 1888 2278 ap.
1925 2223 2080 2266 Toma-

346 2293 514 2334 setttum
544 2292 644 2334 butt.
676 2306 777 2334 eom.
809 2295 918 2335 1895
936 2308 984 2347 p.
1006 2297 1099 2336 161.

261 2373 344 2414 313
375 2372 424 2414 L.
459 2371 731 2427 Sep(timius)
770 2372 1051 2430 Agrippinus,
1086 2375 1178 2415 eius
1210 2374 1283 2430 qui
1321 2373 1544 2430 praecedit
1581 2372 1696 2414 filius
1735 2375 1763 2414 t.
1793 2371 2076 2422 suburbanus,

348 2454 416 2494 ap.
453 2441 751 2483 Tomasettium
782 2441 807 2483 l.
840 2455 874 2483 e.

263 2521 348 2563 314
380 2520 650 2576 Sept(imius)
682 2520 978 2570 Aistomodius
1010 2521 1076 2574 (de
1106 2522 1365 2565 Aistomodti
1402 2523 1570 2564 nomine
1605 2522 1660 2576 cf.
1698 2521 1777 2564 Th.
1807 2535 1844 2562 v.
1874 2519 2078 2563 Grieben-

351 2589 496 2642 beryer
527 2588 731 2643 Beitrdye
769 2603 846 2632 eur
883 2589 1030 2633 Geseh.
1073 2590 1146 2633 der
1188 2590 1408 2633 deutschen
1439 2590 1630 2645 Spraehe
1667 2604 1708 2634 u.
1740 2590 1979 2632 Litteratwr
2007 2589 2077 2638 18,

349 2659 455 2699 1894
487 2671 532 2710 p.
564 2656 672 2710 393),
715 2672 793 2698 rex
836 2658 1189 2712 Germ(an0rum)
1232 2660 1273 2711 (i.
1308 2674 1340 2702 e.
1380 2659 1549 2714 reyulus
1584 2659 1722 2714 yentis
1763 2657 1944 2700 alieuius
1975 2655 2079 2700 Ger-

348 2725 552 2774 manicae,
591 2738 619 2766 a
649 2725 802 2767 Severo
843 2727 1010 2769 civitate
1053 2727 1262 2782 donatus),
1304 2727 1518 2770 Carnunti
1557 2742 1583 2769 a
1621 2726 1830 2769 fratribus
1871 2725 2078 2782 Septimio

349 2792 549 2849 Philippo
582 2799 624 2834 et
653 2793 858 2849 Septimio
891 2795 1127 2838 Heliodoro
1160 2795 1353 2852 sepultus
1385 2799 1412 2838 t.
1442 2795 1734 2838 Carnuntt'nus
1764 2794 1854 2837 ΙΙΙ
1873 2795 1996 2836 4453.

277 2886 335 2892 —
380 2868 427 2905 D.
461 2867 672 2903 CLODIVS
706 2869 968 2905 SEPTIMIVS
999 2871 1215 2906 ALBINVS
1249 2871 1456 2907 CAESAR.

264 2941 347 2983 315
380 2940 647 2997 [Sep]timius
679 2941 916 2992 Amandus,
955 2943 1050 2998 [vir]
1091 2943 1449 3000 perfectissimus,
1487 2943 1709 2986 rationalis
1739 2946 1767 2986 t.
1798 2940 2082 2997 Aquileiensis

357 3008 399 3050 V
418 3011 511 3050 858.
573 3008 776 3052 Fortasse
806 3011 881 3052 sub
914 3011 1184 3055 Diocletiano
1216 3013 1378 3055 demum
1407 3013 1525 3057 vixit.

265 3089 347 3130 316
381 3094 642 3130 SEPTIMIVS
674 3096 960 3132 ANTIPATER
982 3091 1242 3134 clarissimus
1263 3094 1343 3147 vir,
1377 3099 1586 3149 patronus
1618 3091 1781 3135 ordinis
1809 3089 2082 3134 sacerdotum

351 3155 502 3198 domus
521 3156 744 3211 Augustae
767 3158 1051 3214 (temporibus
1083 3167 1131 3203 ut
1162 3161 1334 3203 videtur
1356 3161 1598 3216 Commodi)
1632 3161 1699 3203 VI
1709 3163 1836 3204 2010.
1885 3157 2080 3202 Eundem

350 3238 435 3265 esse
465 3224 743 3279 Antipatrum
772 3227 1014 3280 sophistam,
1047 3230 1297 3282 maffl'strum
1335 3229 1590 3272 Caracallae
1621 3233 1659 3271 et
1694 3229 1840 3279 Getae,
1873 3226 2080 3282 Septimio

352 3292 503 3336 Severo
530 3294 582 3334 ab
606 3294 806 3347 epistulis,
833 3299 984 3348 postea
1015 3298 1122 3338 inter
1151 3301 1365 3339 senatores
1390 3298 1597 3339 adlectum
1628 3301 1666 3339 et
1695 3297 1928 3351 Bithyniae
1950 3309 2080 3350 prae-

2216 3166 2223 3169 ,
2215 3146 2218 3150 .

2228 3208 2242 3442 mmmm—labante.
2229 3140 2242 3196 ..lui
2231 3106 2242 3129 nt·
2240 3081 2242 3085 .
2238 3048 2242 3067 ,ψ
2239 2998 2242 3000 ,
2240 2931 2242 2933 ,

2229 3582 2242 3672 -ὶκαῆίύὶ
2234 3566 2242 3573 *9
2231 3499 2242 3562 εμὲ-α..
2233 3459 2242 3495 ...aa
2240 3451 2242 3454 .
