2242 3672
36 294 42 307 ³
72 216 73 219 ¹
156 244 437 283 vns‘romvs
1020 239 1106 284 409
1673 247 1970 286 VESTRIGIVS

152 379 237 423 306
267 379 509 433 Vestorius,
542 378 820 434 Puteolanus,
853 394 880 422 a
909 393 995 436 quo
1026 377 1275 421 caeruleum
1304 378 1532 436 (pigmenti
1562 379 1783 436 quoddam
1812 382 1970 436 genus)

237 447 503 506 appellatum
517 448 828 491 Vestorianum
853 447 1011 491 Vitruv.
1034 451 1073 499 7,
1089 451 1156 499 11,
1173 451 1223 500 1;
1248 447 1365 492 Plin.
1385 462 1427 491 n.
1450 448 1490 493 h.
1510 451 1577 500 33,
1594 452 1692 494 162.
1736 448 1970 493 Parentela

235 518 327 560 sine
357 516 484 560 dubio
516 517 761 560 coniunctus
781 531 875 559 cum
900 516 1088 560 Vestorio
1114 516 1352 560 Puteolano
1381 517 1601 572 familiari
1617 518 1758 562 Attici
1786 522 1826 562 et
1852 518 1968 562 Cice-

233 587 354 629 ronis
379 585 489 642 (Cic.
522 585 582 628 ad
607 586 713 640 fam.
735 589 774 636 6,
795 589 863 637 11,
884 589 928 637 2,
962 585 1020 628 ad
1043 586 1134 628 Att.
1157 589 1223 638 19,
1243 589 1312 637 50,
1336 589 1397 643 2),
1427 587 1517 629 nisi
1545 590 1606 630 est
1634 587 1674 630 is
1703 588 1804 642 ipse.

146 655 230 699 307
263 655 599 710 (VESTRICIVS)
632 660 841 697 COTTIVS
873 654 1080 698 Vestricii
1122 654 1369 712 Spurinnae
1409 661 1451 698 et
1481 655 1651 699 Cottiae
1690 655 1827 713 filius,
1861 657 1967 701 adu-

231 724 399 767 lescens
431 724 620 781 optimae
651 722 822 779 indolis,
855 722 1085 766 defunctus
1116 738 1217 766 cum
1247 731 1373 782 pater
1402 724 1588 778 abesset,
1620 730 1763 769 statua
1791 725 1967 783 publice

229 793 467 836 honoratus
491 791 609 835 Plin.
636 807 698 847 ep.
729 796 773 844 2,
807 796 844 844 7,
875 795 904 835 3
931 806 1012 848 seq.
1075 792 1244 836 Plinius
1274 793 1571 837 laudationem
1602 795 1695 837 eius
1725 798 1968 853 composuit

228 863 287 906 ib.
316 865 356 913 3,
389 865 457 907 10.

141 933 226 976 308
255 937 552 974 VESTRIOIVS
596 936 860 976 SPVRINNA.
925 931 1070 975 Natus
1112 932 1230 974 circa
1275 946 1315 975 a.
1358 935 1428 983 24,
1473 931 1680 987 siquidem
1724 933 1963 978 LXXVII

228 1014 363 1044 annos
400 1003 553 1051 natus,
596 1014 689 1043 cum
729 1000 903 1043 Plinius
940 1001 1143 1044 scriberet
1178 1015 1240 1056 ep.
1271 1005 1312 1052 3,
1343 1004 1388 1052 2,
1418 1005 1485 1052 10,
1525 1015 1633 1055 quae
1672 1002 1855 1057 epistula
1893 1003 1966 1046 vix

226 1070 358 1113 multo
390 1072 487 1112 ante
515 1069 580 1112 vel
600 1072 703 1124 post
728 1084 768 1114 a.
790 1073 871 1113 101
900 1070 1064 1124 scripta
1092 1073 1165 1121 est,
1196 1084 1276 1125 quo
1307 1084 1419 1113 anno
1450 1070 1682 1125 complures
1713 1071 1827 1114 aliae
1857 1072 1964 1115 eius-

223 1139 320 1182 dem
344 1139 457 1183 libri.
508 1138 563 1182 A.
585 1139 639 1182 69
671 1139 794 1182 iussu
815 1138 1002 1182 Othonis
1033 1155 1120 1182 una
1151 1154 1248 1182 cum
1269 1139 1414 1183 Annio
1436 1138 1563 1182 Gallo
1595 1140 1786 1183 urbanas
1816 1141 1963 1197 copias

226 1208 373 1252 educit
408 1215 561 1251 contra
591 1208 850 1252 Vitellianos
887 1209 986 1253 Tac.
1016 1208 1058 1252 h.
1088 1212 1132 1260 2,
1154 1213 1208 1252 11
1239 1210 1294 1263 cf.
1317 1209 1438 1252 Plut.
1470 1209 1565 1253 Oth.
1590 1212 1629 1254 5.
1681 1209 1791 1252 Cum
1823 1209 1962 1253 tribus
2033 1228 2043 1240 2

222 1277 476 1321 cohortibus
522 1278 753 1334 praetoriis
798 1279 1038 1336 paucisque
1084 1277 1179 1321 aliis
1223 1277 1433 1321 militibus
1479 1277 1748 1320 Placentiam
1792 1279 1963 1321 fortiter

222 1346 418 1390 defendit
443 1347 543 1390 Tae.
574 1346 616 1390 h.
646 1350 690 1398 2,
718 1350 773 1390 18
795 1360 879 1402 seq.
900 1351 971 1399 23,
1003 1347 1119 1390 Plut.
1151 1346 1246 1391 oth.
1274 1350 1312 1398 6,
1339 1350 1376 1391 7.
1426 1346 1498 1390 Ab
1528 1346 1701 1390 Othone
1730 1354 1961 1390 revocatus

226 1416 325 1459 Tac.
354 1415 396 1459 h.
426 1418 470 1468 2,
491 1419 558 1459 36.
588 1441 647 1446 —
676 1415 862 1471 (Consul
890 1417 989 1459 suff.
1020 1431 1059 1461 a.
1092 1416 1210 1471 ine).
1274 1415 1448 1469 ‘Quoad
1478 1415 1706 1459 honestum
1736 1416 1819 1459 fuit
1848 1417 1894 1472 (i.
1926 1431 1959 1462 6.

221 1488 449 1540 antequam
478 1484 757 1528 Domitianus
789 1485 847 1528 ad
867 1486 995 1541 peius
1021 1485 1238 1540 verqeret),
1271 1484 1380 1527 obiit
1400 1484 1554 1540 officia,
1578 1486 1712 1540 gessit
1732 1486 1959 1540 magistra-

216 1560 299 1609 tus,
331 1554 581 1611 provincias
611 1554 741 1596 rexit’
764 1552 882 1598 Plin.
905 1568 967 1609 ep.
989 1557 1030 1605 3,
1052 1557 1090 1604 1,
1112 1556 1182 1614 12.
1233 1553 1428 1609 Legatus
1452 1554 1713 1598 Germaniae
1742 1552 1959 1596 inferioris

221 1628 270 1666 ut
298 1622 495 1678 videtur,
538 1623 802 1665 Bructerum
842 1636 991 1678 regem
1032 1623 1076 1664 vi
1109 1629 1153 1665 et
1181 1623 1313 1665 armis
1345 1622 1520 1665 induxit
1548 1623 1594 1664 in
1624 1635 1808 1678 regnum
1838 1622 1957 1667 Plin.

219 1706 281 1747 ep.
303 1693 348 1743 2,
371 1694 409 1742 7,
431 1694 464 1735 2
493 1690 686 1747 (eandem
713 1705 804 1734 rem
830 1691 1075 1747 siqnificari
1095 1706 1122 1734 a
1149 1691 1296 1734 Tacito
1325 1690 1469 1735 Germ.
1491 1694 1546 1733 33
1566 1694 1700 1746 putat
1720 1691 1959 1735 Mommsen

219 1760 368 1805 Herm.
396 1763 436 1811 3,
467 1762 534 1816 39,
572 1761 648 1815 qui
676 1761 733 1805 ib.
756 1775 806 1815 p.
836 1764 893 1803 40
933 1761 1086 1803 statuit
1127 1760 1373 1815 Spurinnae
1413 1759 1663 1815 leyationem
1701 1760 1960 1804 Germaniae

219 1830 416 1886 obtiyisse
438 1844 550 1873 anno
568 1833 636 1881 97,
668 1844 748 1884 quo
780 1844 892 1873 anno
922 1830 1196 1885 triumphalis
1220 1833 1367 1873 statua
1397 1830 1437 1872 ei
1467 1829 1635 1872 decreta
1664 1843 1750 1872 esse
1778 1830 1957 1882 videtur,

218 1899 274 1954 cf.
302 1899 449 1954 infra;
478 1898 553 1942 sed
579 1898 744 1941 homini
772 1902 857 1942 tres
877 1902 917 1942 et
945 1900 1221 1954 septuayinta
1250 1912 1385 1942 annos
1413 1901 1517 1941 nato
1538 1899 1810 1953 provinciam
1841 1898 1958 1942 belli-

218 1969 479 2011 cosissimam
510 1968 715 2011 creditam
745 1981 832 2011 esse
870 1982 957 2011 non
997 1971 1059 2011 est
1088 1967 1347 2023 probabile).
1408 1968 1572 2011 Romae
1612 1966 1733 2022 degit
1771 1975 1959 2011 exeunte

185 2047 332 2080 ‘anno
373 2038 429 2080 96
469 2036 543 2079 vel
582 2038 760 2080 ineunte
800 2037 854 2080 97
903 2037 1020 2080 Plin.
1061 2052 1124 2092 ep.
1156 2041 1194 2088 1,
1226 2039 1266 2088 5,
1297 2039 1338 2080 8.
1369 2039 1406 2079 9.
1467 2036 1566 2079 Non
1606 2035 1740 2079 multo
1781 2043 1879 2093 post
1910 2044 1958 2080 ut

216 2105 392 2149 videtur
430 2107 568 2150 Roma
607 2106 766 2149 absens
804 2106 886 2160 (rei
913 2107 1119 2161 publicae
1159 2119 1292 2149 causa
1326 2106 1418 2148 sine
1457 2105 1608 2157 dubio;
1644 2108 1789 2160 potest
1827 2106 1958 2160 fuisse

216 2175 328 2218 inter
367 2175 526 2231 leyatos
563 2176 640 2230 qui
677 2190 715 2219 a.
749 2178 807 2218 97
844 2175 1036 2219 Traiano
1075 2176 1122 2218 in
1159 2174 1440 2218 Germaniam
1477 2175 1674 2217 nuntium
1714 2175 1957 2230 adoptionis

218 2244 467 2300 attulerun&
498 2244 693 2300 Cottium
723 2244 861 2287 filium
893 2245 1003 2300 (eum
1024 2245 1098 2298 qui
1120 2243 1356 2299 praecedit)
1383 2244 1540 2297 amisit,
1572 2245 1642 2286 cui
1673 2245 1719 2286 in
1749 2243 1957 2287 solacium

216 2315 352 2371 patris
383 2313 430 2367 (a
458 2317 625 2371 senatu)
657 2314 795 2357 honor
825 2321 994 2357 statuae
1025 2314 1200 2357 habitus
1233 2313 1351 2358 Plin.
1375 2328 1436 2368 ep.
1457 2316 1502 2363 2,
1525 2316 1563 2364 7,
1584 2316 1623 2356 3.
1680 2313 1771 2370 Ipsi
1802 2312 1856 2355 ob
1886 2327 1955 2355 res

217 2382 357 2439 (olim,
399 2384 455 2438 cf.
495 2386 645 2441 supra)
691 2386 738 2427 in
782 2382 1021 2426 Germania
1063 2389 1208 2438 gestas
1254 2381 1531 2439 triumphalis
1578 2387 1722 2424 statua
1765 2381 1952 2438 decreta,

217 2458 394 2495 auctore
423 2453 623 2510 principe
653 2452 818 2509 (Nerva
848 2452 912 2495 vel
937 2452 1142 2503 Traiano,
1172 2453 1284 2494 inter
1315 2465 1451 2494 annos
1478 2454 1534 2494 97
1553 2454 1593 2493 et
1620 2454 1720 2507 100)
1752 2450 1869 2494 Plin.
1892 2465 1954 2506 ep.

216 2525 261 2573 2,
285 2525 321 2573 7,
343 2525 370 2565 1
396 2522 496 2578 (non
519 2537 623 2565 raro
645 2524 849 2578 praemia
876 2522 1002 2565 huius
1017 2522 1185 2576 yeneris
1196 2524 1300 2576 post
1317 2521 1592 2563 mutationem
1613 2520 1777 2563 demum
1801 2523 1955 2575 tempo-

213 2604 311 2633 rwm
361 2591 554 2646 tributa).
630 2591 761 2634 Anno
807 2595 860 2634 97
907 2594 1098 2634 statuam
1147 2590 1356 2633 decretam
1406 2603 1493 2633 esse
1535 2589 1782 2644 Spurinnae
1823 2592 1956 2644 putat

216 2660 456 2703 Mommsen
483 2661 631 2706 Herm.
666 2661 692 2706 l.
724 2675 781 2712 6.,
824 2661 900 2715 qui
927 2663 1158 2716 praeterea
1198 2659 1374 2702 coniecit
1404 2659 1430 2703 l.
1463 2672 1497 2702 c.
1524 2673 1573 2713 p.
1598 2661 1653 2701 40
1681 2661 1768 2701 not.
1799 2661 1832 2702 2
1861 2671 1954 2700 eum

211 2728 364 2784 paullo
396 2732 500 2784 post
532 2729 688 2772 iterum
726 2728 936 2772 consulem
976 2729 1139 2783 factum
1174 2741 1272 2779 esse,
1313 2741 1423 2770 anno
1455 2730 1536 2770 100
1566 2727 1689 2770 tertio
1730 2725 1952 2775 consulem,

213 2798 375 2841 scilicet
403 2797 513 2841 hunc
544 2812 629 2841 esse
661 2798 842 2842 alterum
869 2812 920 2841 ea:
951 2798 1112 2840 duobus
1142 2797 1232 2840 illis
1260 2798 1378 2848 viris,
1410 2809 1525 2851 quos,
1568 2795 1703 2838 altero
1733 2794 1954 2838 consulatu

213 2867 290 2909 sub
324 2867 473 2910 Nerva
501 2867 683 2921 functos,
722 2867 940 2910 Traianus
980 2867 1105 2909 tertio
1141 2866 1329 2909 consules
1358 2866 1461 2920 feeit
1487 2866 1632 2919 suique
1662 2865 1778 2907 tertii
1807 2877 1952 2906 eonsu-

216 2935 330 2978 latus
360 2936 417 2992 (a.
439 2939 538 2992 100)
571 2936 765 2992 colleyas,
796 2940 844 2979 ut
875 2939 1054 2979 testatur
1074 2934 1247 2978 Plinius
1268 2948 1427 2989 paney.
1454 2937 1520 2976 60.
1542 2937 1594 2976 61
1625 2932 1826 2988 (oblocuti
1853 2934 1952 2974 sunt

216 3005 393 3048 Asbacli
421 3019 527 3049 mus.
557 3006 694 3049 Rhen.
725 3010 791 3057 36,
823 3009 889 3056 43,
923 3005 977 3047 K
980 3005 1066 3047 lebs
1095 3005 1153 3047 ib.
1184 3008 1249 3055 44,
1282 3007 1368 3047 274
1397 3006 1482 3045 not.
1503 3002 1559 3058 1).
1586 3026 1643 3032 —
1664 3002 1789 3045 Uxor
1810 2999 1954 3043 Cottia

214 3073 335 3117 Plin.
358 3088 421 3130 ep.
441 3077 480 3126 3,
502 3079 557 3118 10
577 3089 772 3130 praescr.
801 3076 854 3129 cf.
873 3077 913 3125 3,
935 3078 976 3124 1,
995 3076 1034 3116 5.
1086 3072 1223 3115 Filius
1245 3072 1414 3116 Cottius
1446 3072 1500 3127 (is
1527 3072 1602 3125 qui
1622 3068 1873 3125 praecedio.
1896 3093 1948 3099 -

215 3142 396 3187 Amicus
435 3142 594 3186 Plinii:
634 3159 714 3202 per
744 3158 842 3186 eum
869 3141 1077 3199 Aquilius
1109 3141 1303 3197 Regulus
1335 3155 1432 3183 cum
1462 3139 1605 3182 Plinio
1637 3138 1777 3181 voluit
1803 3152 1951 3180 recon-

215 3211 354 3255 ciliari
373 3211 491 3257 Plin.
514 3228 576 3268 ep.
599 3217 637 3264 1,
659 3216 699 3264 5,
722 3216 761 3255 8.
781 3216 819 3256 9.
866 3212 990 3265 Eum,
1025 3211 1068 3252 in
1092 3225 1264 3252 secessu
1287 3216 1336 3252 ut
1355 3209 1532 3251 videtur
1550 3207 1789 3267 degentem,
1813 3221 1950 3249 annos

215 3289 366 3324 natum
396 3284 671 3340 septuaginta
704 3288 892 3338 septem,
929 3280 1082 3322 invisit
1111 3279 1281 3321 Plinius
1311 3278 1429 3320 Plin.
1461 3292 1522 3332 ep.
1546 3281 1587 3328 3,
1614 3281 1640 3319 1
1672 3277 1727 3331 cf.
1757 3279 1797 3327 3,
1818 3279 1886 3327 10,
1909 3279 1949 3319 1.

215 3350 441 3405 Quomodo
474 3358 737 3395 senectutem
770 3349 1021 3393 toleraverit
1050 3351 1089 3399 3,
1112 3352 1150 3398 1,
1171 3352 1198 3390 4
1216 3361 1297 3401 seq.
1344 3347 1397 3389 Ei
1419 3346 1552 3388 mittit
1571 3345 1740 3388 Plinius
1762 3360 1874 3403 quac
1895 3345 1948 3388 de
