2242 3672
270 240 334 276 VO
340 240 515 277 CONIVS
1128 229 1212 272 472
1817 234 2070 274 vocomvs

356 371 574 414 Tribunus
614 367 856 411 laticlavius
896 366 1077 421 legionis
1117 367 1186 409 III
1225 365 1495 423 Cyrenaicae
1541 371 1583 408 et
1625 373 1851 422 praeterea
1893 367 2072 411 alterius

356 439 536 495 legionis
567 439 708 494 (cuius
739 451 894 479 nomen
926 435 1072 492 periit)
1102 436 1159 480 ib.
1211 434 1426 488 Quaestor
1455 449 1534 491 pro
1563 450 1628 491 pr.
1659 437 1911 492 provinciae
1930 436 2072 480 Mace-

356 509 522 563 doniae,
545 506 744 550 tribunus
771 504 922 561 plebis,
954 510 1128 560 praetor
1147 504 1203 546 ib.
1256 502 1442 547 Curator
1461 504 1561 545 viae
1581 503 1783 547 Valeriae
1804 505 2072 561 Tiburtinae,

355 575 518 631 (simul)
550 582 593 617 et
621 574 716 616 aliis
751 572 857 614 locis
887 571 1091 614 dilectum
1121 571 1273 614 habuit
1302 572 1559 630 (ἐπιμελητὴς
1586 573 1684 615 ὁδοῦ
1721 572 1929 631 ]ὐαλερίας
1959 574 2075 631 Τ[ει]-

356 647 578 703 βουρτείνης
616 645 680 687 καὶ
719 643 760 686 ἐν
792 645 873 688 τοῖς
903 642 1038 688 ἄλλοις
1077 641 1209 688 τόποις
1250 641 1585 699 στρατολογήσας)
1618 645 1646 684 t.
1679 646 1702 685 1
1733 642 1805 697 (cf.
1840 644 2076 686 Mommsen

356 714 444 769 eph.
476 728 537 768 ep.
568 715 608 763 8,
640 714 721 754 158
732 725 771 762 a,
813 711 911 752 item
943 709 1129 753 Staatsr.
1161 710 1224 752 II
1225 710 1243 735 ⁸
1267 725 1316 765 p.
1347 713 1455 753 1090
1488 713 1573 753 not.
1604 713 1666 766 2).
1728 711 1918 767 Legatus
1959 711 2074 767 Aug.

354 782 534 837 legionis
566 781 655 822 IIII
686 778 916 835 Scythicae
947 781 974 822 t.
1007 782 1044 820 1.
1103 777 1341 821 Proconsul
1371 779 1499 821 Ponti
1531 785 1574 820 et
1601 778 1833 835 Bithyniae
1862 780 1919 824 ib.
1984 796 1986 798 ·

439 850 629 904 Legatus
670 846 782 901 Aug.
825 861 903 903 pro
942 861 1007 903 pr.
1039 847 1203 902 Lyciae
1244 853 1286 889 et
1316 845 1603 903 Pamphyliae
1632 850 1661 890 t.
1692 850 1730 892 1.
1760 850 1800 891 3.
1830 851 1858 890 4
1887 849 1944 902 cf.
1972 851 2003 892 t.
2029 851 2074 899 2,

354 918 407 960 ab
446 932 558 959 anno
598 922 714 958 certe
752 915 834 957 144
872 914 929 956 ad
969 929 1132 956 annum
1171 915 1346 956 minime
1381 914 1462 957 147
1500 917 1528 957 t.
1559 917 1604 958 2.
1633 918 1661 957 3
1703 915 1888 971 (scilicet
1915 930 2074 959 memo-

354 993 473 1028 ratur
519 992 566 1028 ut
614 984 783 1039 legatus
831 982 1053 1025 sacerdote
1102 983 1353 1039 provinciae
1403 997 1616 1040 eponymo
1665 984 1777 1027 Iulio
1825 984 2076 1042 Tlepolemo

354 1058 381 1096 t.
414 1058 455 1105 2,
489 1055 516 1096 i.
548 1069 581 1096 e.
611 1068 650 1097 a.
681 1055 773 1106 147,
815 1052 855 1094 si
892 1054 1001 1093 recte
1040 1054 1280 1094 statuerunt
1317 1051 1494 1095 honores
1531 1051 1768 1107 Opramoae
1808 1053 1954 1097 ordine
1991 1067 2077 1097 non

352 1124 588 1177 interrupto
628 1120 829 1163 enarrari
866 1120 912 1162 in
951 1122 979 1162 t.
1010 1122 1047 1174 3,
1089 1134 1219 1174 neque
1254 1119 1390 1162 ullum
1428 1134 1588 1162 annum
1621 1121 1906 1164 intermissum
1933 1135 2018 1166 esse
2048 1137 2078 1166 a

353 1191 508 1246 Lyciis,
539 1190 640 1244 quin
668 1189 844 1232 honores
873 1188 1112 1243 Opramoae
1143 1189 1418 1241 decreverint,
1452 1190 1563 1232 inter
1591 1189 1752 1232 Iulium
1781 1191 1892 1233 enim
1926 1192 2077 1248 Tlepo-

355 1260 504 1302 lemum
524 1262 563 1301 et
589 1258 818 1301 Veranium
841 1257 1136 1312 Tlepolemum,
1167 1272 1287 1312 quem
1317 1272 1428 1301 anno
1450 1261 1531 1301 149
1549 1258 1807 1301 sacerdotem
1825 1261 2078 1315 provinciae

353 1330 485 1383 fuisse
506 1327 702 1370 discimus
723 1340 773 1369 ex
793 1329 822 1368 t.
843 1329 875 1369 2
893 1329 1003 1368 recte
1022 1326 1243 1377 intellecto,
1268 1329 1296 1368 t.
1312 1330 1340 1369 3
1358 1340 1489 1369 unwm
1510 1329 1675 1369 tantum
1694 1341 1927 1383 eponynwm
1946 1330 2076 1374 mter-

350 1398 477 1452 ponit
486 1411 499 1449 ,·
538 1397 625 1450 fuit
660 1399 798 1438 autem
830 1395 991 1450 leyatus
1022 1396 1150 1438 etiam
1180 1398 1277 1438 ante
1306 1395 1468 1438 Iulium
1503 1395 1800 1451 Tlepolemum¹
1818 1411 2075 1454 eponynnmn,

354 1466 477 1508 tertio
517 1468 565 1507 ut
598 1464 763 1507 videtur
794 1478 906 1506 anno
937 1467 1034 1506 ante
1064 1478 1167 1515 eum,
1201 1478 1313 1507 anno
1343 1465 1477 1520 iqitur
1505 1467 1595 1516 145,
1626 1468 1673 1508 ut
1703 1469 1884 1520 apparet
1911 1481 1962 1510 ex
1989 1470 2026 1510 ὑ.
2048 1471 2078 1510 ’3

355 1534 430 1577 col.
461 1534 613 1576 XVII
625 1548 674 1588 p.
706 1537 761 1575 47
788 1546 869 1587 seq.
903 1533 964 1575 ed.
995 1533 1202 1584 Heberd.,
1245 1537 1367 1588 atque
1398 1534 1527 1576 etiam
1557 1537 1705 1585 antea,
1736 1535 1952 1579 sacerdote
1972 1550 2077 1591 pro-

351 1604 515 1645 vinciae
536 1595 721 1645 Claudio
740 1602 1009 1653 Antimacho,
1033 1617 1144 1645 anno
1163 1606 1212 1645 ut
1228 1603 1394 1645 videtur
1413 1606 1505 1646 144.
1556 1604 1668 1657 Quin
1698 1603 1826 1646 etiam
1855 1618 1968 1648 anno
1993 1607 2078 1650 142

360 1671 585 1714 Voconium
626 1671 808 1726 legatum
847 1671 979 1724 fuisse
1017 1671 1102 1713 sibi
1131 1672 1351 1725 persuasit
1387 1671 1627 1726 Heberdey,
1670 1685 1763 1714 cum
1800 1686 1950 1717 nomen
1989 1674 2078 1717 eius

350 1743 584 1794 praeeunte
623 1740 809 1794 Loewyo
842 1739 1098 1794 suppleverit
1134 1740 1181 1782 in
1221 1743 1248 1782 t.
1279 1743 1307 1782 3
1346 1740 1422 1783 col.
1453 1740 1589 1783 XIII
1591 1740 1664 1794 e.f
1675 1755 1725 1795 p.
1743 1743 1810 1801 40,
1852 1742 1926 1796 qui
1962 1737 2078 1785 locus

352 1822 454 1851 sane
492 1811 653 1862 spectat
693 1807 750 1850 ad
789 1822 829 1850 a.
860 1811 956 1859 142,
997 1809 1074 1850 ubi
1112 1812 1251 1851 tamen
1281 1822 1545 1863 praenomen
1585 1812 1750 1851 tantum
1790 1808 1921 1864 leyati
1948 1813 2076 1863 extat,

349 1879 567 1930 potestque
607 1877 734 1918 etiam
774 1876 958 1930 coyitari
996 1876 1044 1918 de
1086 1876 1172 1918 alio
1203 1876 1423 1931 praeside,
1464 1877 1648 1930 fortasse
1685 1876 1735 1919 de
1771 1877 1900 1921 Iunio
1930 1878 2075 1931 Paeto,

353 1959 472 1998 quem
495 1946 609 1987 circa
628 1945 730 1986 haec
752 1947 942 1999 tempora
962 1945 1120 1999 Lyciae
1140 1945 1386 2000 praefuisse
1415 1948 1444 1988 t.
1467 1944 1705 1999 Cyanensis'
1720 1944 1855 1988 editus
1875 1947 1920 1989 in
1941 1946 2079 1998 Sertis

356 2013 625 2055 Hartelianis
645 2027 695 2067 p.
718 2017 744 2055 1
766 2013 895 2056 docet.
935 2013 1010 2055 Ad
1028 2013 1201 2056 eundem
1222 2028 1380 2056 annum
1398 2017 1483 2056 142
1502 2014 1674 2055 initium
1695 2013 2080 2058 administrationis

359 2081 531 2123 Voconii
568 2081 791 2123 rettulerat
830 2082 982 2136 Loewy
1021 2082 1178 2124 Reisen
1216 2083 1263 2124 in
1302 2082 1465 2136 Isyhien
1499 2096 1548 2136 p.
1581 2085 1677 2126 131.
1719 2084 1812 2133 133,
1845 2087 2077 2138 propterea

351 2150 462 2203 quod
487 2149 718 2192 Claudium
737 2150 1053 2201 Antimachum,
1085 2165 1165 2204 quo
1190 2150 1404 2192 sacerdote
1426 2150 1695 2205 provinciam
1723 2151 1811 2192 iam
1839 2151 1972 2204 fuisse
1999 2152 2077 2195 sub

360 2217 539 2260 Voconio
568 2222 724 2260 certum
754 2222 814 2260 est
843 2233 893 2261 ex
914 2222 942 2260 t.
964 2222 991 2260 3
1017 2219 1092 2263 col.
1114 2219 1162 2261 X
1167 2219 1248 2273 y.h
1269 2233 1317 2273 p.
1340 2222 1394 2261 31
1416 2218 1611 2269 Heberd„
1643 2219 1886 2261 successisse
1906 2221 2080 2274 putavit

355 2287 399 2328 in
429 2287 662 2329 sacerdotio
683 2287 799 2329 Iulio
819 2287 1064 2337 Heliodoro,
1096 2301 1216 2341 quem
1235 2287 1402 2329 ineunte
1424 2301 1535 2329 anno
1555 2290 1635 2329 141
1663 2286 1920 2330 sacerdotem
1948 2290 2079 2343 fuisse

357 2370 406 2397 eac
438 2359 466 2397 t.
492 2359 520 2397 3
550 2355 693 2410 colliyi
713 2359 876 2409 potest;
917 2359 955 2397 et
993 2369 1096 2398 sane
1136 2355 1361 2410 epistulam
1387 2355 1602 2410 quandam
1633 2358 1846 2410 acceptam
1877 2371 1905 2398 a
1933 2357 2079 2412 Isyciis

358 2424 572 2465 sacerdote
590 2424 704 2466 Iulio
723 2424 956 2466 Heliodoro
983 2425 1139 2478 excipit
1167 2425 1213 2466 in
1239 2427 1266 2468 t.
1288 2427 1316 2465 3
1335 2439 1384 2478 p.
1405 2427 1458 2466 31
1479 2424 1662 2466 Heberd.
1693 2424 1877 2478 epistula
1907 2428 2079 2480 accepta

355 2492 569 2534 sacerdote
607 2491 791 2534 Claudio
821 2493 1101 2544 Antimacho,·
1139 2493 1213 2535 sed
1240 2493 1436 2546 fortasse,
1473 2496 1521 2535 ut
1540 2495 1672 2547 putat
1700 2492 1920 2547 Heberdey
1940 2507 1989 2547 p.
2012 2496 2075 2544 66,

356 2561 456 2602 haec
486 2561 666 2614 epistula
685 2575 769 2603 non
789 2575 863 2603 suo
886 2561 973 2603 loco
992 2561 1131 2603 relata
1150 2564 1211 2603 est
1230 2562 1276 2603 in
1306 2565 1333 2603 t.
1357 2565 1394 2616 3,
1426 2562 1501 2604 sed
1527 2562 1575 2603 in
1602 2561 1742 2615 spatio
1761 2561 1872 2615 quod
1897 2575 2077 2604 vacivum

356 2633 458 2679 erat,
489 2631 536 2671 in
554 2630 637 2684 fine
653 2630 839 2683 parietis
861 2629 1067 2672 mausolei
1086 2630 1367 2680 occidentalis,
1389 2630 1538 2672 incisa.
1565 2653 1614 2659 -
1637 2629 1765 2671 Anno
1785 2632 1865 2672 149
1897 2628 2077 2672 Voconio

356 2702 610 2739 successerat
629 2698 685 2740 D.
708 2698 910 2752 Rupilius
931 2699 1118 2749 Severus,
1149 2699 1225 2740 sub
1251 2698 1327 2740 hoc
1353 2699 1462 2740 enim
1484 2699 1752 2752 provinciam
1779 2698 1912 2751 fuisse
1939 2711 2078 2740 sacer-

358 2766 449 2807 dote
480 2765 660 2807 Veranio
688 2767 924 2820 Tlepolemo
956 2770 1135 2820 apparet
1154 2781 1204 2809 ex
1225 2769 1252 2808 t.
1273 2769 1301 2808 3
1322 2781 1369 2821 p.
1386 2771 1440 2809 49
1461 2766 1658 2817 Heba-d„
1692 2766 1916 2809 Veranium
1938 2770 2078 2810 autem

363 2834 643 2887 Tlepolemum
669 2849 708 2876 a.
729 2838 808 2876 149
835 2836 964 2888 fuisse
983 2835 1239 2877 sacerdotem
1258 2836 1412 2877 scimus
1438 2849 1488 2877 ea:
1518 2838 1544 2879 t.
1566 2838 1609 2885 2,
1641 2835 1696 2888 cf.
1718 2848 1864 2888 supra.
1915 2834 2077 2879 Consul

359 2903 606 2957 designatus
637 2907 665 2945 t.
688 2907 713 2945 1
745 2904 836 2958 (sub
868 2905 993 2958 finem
1016 2907 1123 2958 puto
1155 2904 1539 2946 administrationis
1564 2903 1744 2957 Rosciae,
1774 2902 1919 2945 consul
1946 2903 2077 2958 iyitur

357 2971 441 3023 fuit
469 2970 669 3021 suffectus
699 2972 814 3013 circa
845 2986 884 3013 a.
921 2975 996 3014 148
1024 2972 1087 3014 vel
1117 2975 1227 3027 149).

448 3038 686 3080 Proconsul
726 3039 900 3081 Africae
941 3042 968 3082 t.
1000 3042 1037 3083 5.
1102 3041 1377 3096 Rescriptum
1416 3039 1618 3081 divorum
1657 3039 1842 3081 fratrum
1881 3038 1937 3081 ad
1978 3054 2077 3082 eum

359 3106 669 3161 (proconsulem
688 3107 868 3160 Africae
889 3111 1010 3161 puto,
1039 3111 1086 3149 ut
1107 3108 1338 3162 proconsul
1366 3109 1499 3162 fuerit
1527 3109 1638 3150 inter
1662 3121 1796 3150 annos
1820 3111 1899 3150 161
1920 3110 1960 3149 et
1978 3109 2076 3164 169)

365 3174 575 3227 Ulpianus
595 3175 696 3229 Diy.
722 3179 788 3226 48,
810 3179 875 3226 18,
898 3181 935 3226 1,
958 3180 1028 3219 27.
1078 3177 1210 3219 Pater
1235 3177 1288 3229 Q.
1311 3177 1493 3220 Voconii
1527 3176 1669 3219 Saxae
1699 3176 1953 3232 Amyntiani
1979 3179 2013 3218 t.
2035 3179 2075 3219 1.

273 3243 355 3283 613
388 3243 601 3285 Voconius
637 3244 783 3285 Victor
814 3245 1047 3298 (utrumque
1078 3259 1228 3287 nomen
1269 3249 1305 3296 7,
1337 3248 1412 3295 29,
1450 3258 1674 3299 coynomen
1711 3244 1845 3286 solum
1884 3248 1960 3295 11,
1992 3243 2075 3298 78),

360 3311 522 3352 amicus
545 3313 769 3368 Martialis,
793 3315 885 3369 ipse
906 3320 1032 3369 poeta
1044 3314 1247 3356 Martial.
1266 3317 1303 3364 7,
1320 3317 1391 3364 29,
1407 3317 1447 3356 4.
1464 3316 1514 3356 5.·
1536 3314 1626 3355 eius
1648 3312 1828 3355 deliciae
1844 3311 2076 3369 Thestylus
