2242 3672
170 246 453 283 TREBATIVS
469 247 475 252 ’
1024 244 1034 273 f
1046 242 1131 286 333
1738 248 1993 285 TREBATIA

170 379 255 422 225
285 385 567 422 TREBATIVS
591 386 782 423 CLARVS
805 379 1072 424 clarissimus
1093 382 1173 437 vir,
1198 380 1428 424 defunctus
1452 370 1674 437 aliquanto
1700 387 1802 424 ante
1831 396 1993 423 annum

189 448 192 452 ’
260 447 342 490 183
374 447 443 492 VI
463 452 591 494 8420.

170 529 255 571 226
286 535 569 572 TREBATIVS
591 536 844 573 MARINVS:
866 528 1125 587 rescriptum
1147 530 1202 573 ad
1225 545 1324 573 eum
1345 530 1399 573 de
1420 529 1588 573 alendis
1610 529 1759 573 liberis
1781 530 1997 586 Ulpianus

258 597 368 640 libro
405 598 586 641 seeundo
629 598 679 642 de
720 599 864 654 officio
905 599 1087 642 consulis
1119 598 1238 654 (Diy.
1270 601 1343 650 25,
1373 602 1412 650 3,
1444 602 1483 650 5,
1514 598 1596 654 11).
1658 599 1834 642 Videtur
1863 600 1995 654 fuisse

256 667 547 722 mayistratus,
579 668 763 722 fortasse
794 667 950 711 consul.

171 746 253 790 227
285 753 338 789 Μ.
362 753 643 790 TREBATIVS
665 753 882 801 PRISGVS,
916 747 1067 789 consul
1095 748 1189 792 suff.
1209 763 1357 791 mense
1378 749 1473 794 Iun.
1497 765 1534 792 a.
1561 749 1642 793 108
1674 763 1772 791 cum
1793 749 1843 791 P.
1868 747 1993 791 Aelio

257 815 484 857 Hadriano
506 816 614 869 fasti
632 816 844 869 feriarum
864 816 1125 858 Latinarum
1146 815 1284 868 (CIL.
1308 817 1342 859 I
1355 817 1417 859 ed.
1442 821 1474 861 2
1491 832 1540 872 p.
1559 817 1655 868 59);
1685 817 1740 871 of.
1769 816 1838 859 VI
1850 819 1995 860 10229

254 897 290 928 υ.
321 887 420 927 124.

171 965 255 1007 228
288 964 336 1008 C.
369 965 600 1008 Trebatius
632 965 777 1009 Testa.
828 964 895 1019 (C.
916 964 1149 1007 Trebatius
1180 965 1243 1007 vel
1273 966 1504 1008 Trebatius
1529 966 1709 1020 passim,
1742 966 1876 1008 Testa
1903 965 1990 1009 Cio.

258 1032 317 1075 ad
344 1034 450 1088 fam.
474 1037 510 1085 7,
534 1037 598 1085 13,
622 1036 660 1076 1.
694 1037 733 1084 7,
755 1037 826 1077 21.
861 1036 898 1084 7,
918 1036 994 1077 22.
1056 1033 1138 1076 Vix
1168 1033 1300 1084 idem,
1344 1034 1455 1088 quod
1489 1035 1756 1077 coniecerunt
1783 1035 1991 1085 nonnulli,

259 1102 429 1146 Thalna
456 1102 544 1146 Cic.
566 1103 626 1146 acl
643 1102 735 1147 Aa.
756 1106 822 1154 16,
845 1105 883 1153 6,
905 1103 965 1156 1).

345 1172 491 1229 Eques
521 1173 742 1215 Romanus
764 1171 1006 1226 Porphyrio
1034 1171 1092 1214 ad
1113 1171 1222 1214 Hor.
1243 1175 1325 1214 sal.
1346 1175 1389 1222 2,
1413 1175 1451 1222 1,
1473 1176 1511 1216 1.
1559 1172 1710 1215 Veliae
1732 1173 1777 1214 in
1796 1173 1995 1215 Lucania

258 1242 551 1298 possessiones
583 1241 773 1284 habebat
800 1247 1003 1297 paternas
1032 1239 1122 1283 Cic.
1145 1240 1204 1282 ad
1222 1240 1327 1294 fam.
1353 1244 1388 1294 7,
1413 1243 1484 1291 20,
1506 1244 1531 1282 1
1558 1241 1613 1294 ef.
1636 1243 1719 1295 top.
1742 1245 1780 1292 1,
1803 1244 1829 1284 5
1851 1241 1997 1295 (Velia

245 1308 364 1351 ‘urbs
397 1310 488 1352 eius
519 1311 814 1352 amantissima
845 1308 933 1353 Cic.
957 1308 1016 1351 ad
1034 1309 1138 1363 fam.
1162 1311 1200 1359 7,
1224 1312 1291 1352 19.
1314 1311 1414 1363 20);
1446 1310 1630 1363 fortasse
1652 1309 1751 1352 inde
1779 1310 1994 1353 oriundus.

256 1378 311 1423 A.
334 1379 418 1421 700
448 1378 505 1421 ad
536 1378 769 1422 Caesarem
796 1379 841 1420 in
864 1376 1053 1422 Galliam
1084 1392 1130 1419 se
1162 1377 1357 1432 contulit,
1391 1377 1500 1420 lucri
1533 1393 1666 1419 causa
1693 1377 1780 1420 Cic.
1809 1378 1867 1420 ad
1890 1379 1996 1432 fam.

260 1451 296 1499 7,
329 1451 397 1499 17,
429 1452 476 1499 1,
507 1449 786 1505 proficiscens
817 1463 843 1490 a
874 1447 1086 1490 Cicerone
1117 1447 1447 1489 commendatur
1478 1447 1655 1490 Caesari
1690 1446 1777 1490 Cio.
1805 1447 1863 1489 ad
1890 1448 1995 1502 fam.

259 1521 297 1568 7,
318 1521 357 1568 5,
390 1518 494 1560 item
524 1517 578 1571 Q.
609 1517 734 1560 fratri
767 1517 826 1559 ael
851 1517 899 1570 Q.
931 1516 990 1570 fr.
1011 1520 1055 1566 2,
1078 1519 1136 1559 12
1155 1515 1263 1571 [14],
1285 1519 1324 1558 3.
1380 1515 1667 1558 ‘Tribunatus
1696 1515 1936 1558 commoda²
1971 1532 1998 1558 a

258 1585 446 1629 Caesare
481 1587 520 1628 ei
563 1586 708 1629 oblata
739 1585 966 1641 (primunt)
998 1586 1258 1641 contempsit
1289 1585 1348 1627 acl
1376 1586 1482 1639 fani.
1516 1588 1553 1636 7,
1588 1587 1629 1635 8,
1661 1588 1699 1629 1.
1761 1585 1923 1627 Mansit
1952 1586 1996 1626 in

258 1655 403 1700 Grallia
423 1657 554 1699 etiam
573 1672 612 1700 a.
631 1656 710 1699 701
734 1656 791 1700 ib.
810 1658 848 1706 7,
866 1658 933 1705 11,
950 1658 988 1698 1.
1021 1653 1248 1711 Epistulae
1267 1655 1312 1696 in
1331 1653 1520 1696 Galliam
1541 1653 1597 1696 ad
1619 1668 1717 1695 eum
1738 1669 1765 1695 a
1786 1653 1998 1696 Cicerone

257 1726 417 1767 missae
446 1726 504 1768 ib.
535 1729 574 1776 7,
609 1727 737 1768 6-18.
788 1722 975 1767 Ineunte
1017 1738 1131 1766 anno
1174 1724 1256 1766 705
1298 1724 1592 1766 internuntius
1623 1723 1738 1764 inter
1766 1722 1999 1765 Caesarem

260 1801 302 1836 et
333 1793 587 1836 Ciceronem
617 1793 703 1838 Cic.
728 1793 786 1835 ad
803 1793 896 1836 Aa.
917 1796 957 1844 7,
980 1796 1047 1843 17,
1068 1795 1108 1834 3.
1141 1796 1179 1843 9,
1203 1795 1273 1843 12,
1295 1796 1334 1835 1.
1371 1795 1410 1843 9,
1432 1795 1498 1842 15,
1521 1795 1559 1834 6.
1589 1795 1628 1842 9,
1652 1795 1718 1842 17,
1746 1794 1784 1835 1.
1839 1790 1891 1833 A.
1915 1792 1998 1834 710

258 1861 493 1905 Caesarem
514 1862 736 1905 sedentem
758 1877 836 1919 pro
860 1861 967 1904 aede
982 1861 1169 1904 Veneris
1192 1862 1436 1905 Genetricis
1458 1861 1733 1903 admonuisse
1755 1859 1996 1906 dicebatur,

258 1938 307 1974 ut
346 1932 515 1974 senatui
555 1937 806 1986 assurgeret
837 1930 955 1973 Suet.
984 1930 1105 1972 Caes.
1137 1932 1205 1974 78.
1272 1930 1380 1972 Post
1419 1936 1603 1971 mortem
1643 1927 1842 1971 Caesaris
1880 1929 1997 1985 apud

259 2000 516 2044 Ciceronem
546 2001 591 2042 in
623 1999 874 2042 Tusculano
902 1998 990 2042 Cic.
1020 1999 1078 2041 aol
1107 1999 1213 2053 fam.
1235 2001 1302 2048 11,
1324 2002 1396 2049 27,
1418 2002 1457 2049 1,
1491 2002 1572 2052 top.
1595 2001 1633 2048 1,
1656 2001 1694 2041 1.
1757 1996 1886 2040 Circa
1916 1998 1998 2039 hoc

258 2076 429 2126 tempus
452 2071 596 2126 topica
617 2071 656 2112 ei
679 2070 937 2126 conscripsit
958 2068 1112 2112 Cicero
1136 2067 1195 2110 ad
1213 2068 1318 2121 fam.
1338 2071 1374 2118 7,
1398 2070 1466 2118 19,
1488 2070 1527 2118 1,
1550 2070 1633 2121 top.
1656 2066 1683 2110 l.
1707 2080 1740 2110 e.
1772 2066 1998 2123 Epistulae

259 2137 483 2182 Ciceronis
514 2139 571 2181 ad
601 2154 698 2181 eum
729 2138 858 2181 datae
887 2153 925 2181 a.
959 2138 1043 2181 710
1075 2137 1134 2179 aol
1161 2137 1267 2191 fam.
1299 2140 1337 2187 7,
1370 2139 1425 2178 19
1446 2149 1528 2190 seq.
1561 2162 1614 2168 —
1646 2135 1719 2178 Ad
1749 2150 1846 2178 eum
1880 2135 1999 2177 dedit

258 2208 467 2251 Horatius
497 2211 578 2252 sat.
601 2211 645 2259 2,
668 2211 703 2250 1.
728 2233 781 2239 -
812 2208 927 2250 Iuris
956 2208 1120 2264 peritus
1149 2205 1237 2251 Cio.
1271 2205 1330 2248 acl
1357 2206 1464 2260 fani.
1497 2208 1534 2256 7,
1565 2207 1603 2256 5,
1630 2208 1683 2257 3,·
1712 2207 1749 2259 6,
1771 2209 1826 2256 2;
1856 2208 1923 2256 10,
1945 2208 1996 2255 1;

258 2280 327 2328 11,
358 2280 413 2329 2,·
442 2280 513 2328 12,
545 2280 600 2328 2;
641 2280 694 2320 19
722 2280 811 2328 oet„
844 2276 1002 2319 Horat.
1034 2278 1116 2318 sat.
1144 2279 1188 2326 2,
1221 2279 1259 2325 1,
1290 2277 1343 2317 80
1373 2288 1454 2328 seq.
1518 2273 1774 2330 Discipulus
1806 2272 1996 2316 Cornelii

260 2345 444 2388 Maximi
475 2345 579 2400 Diy.
610 2349 650 2397 1,
681 2349 725 2396 2,
757 2348 800 2400 2,
832 2348 886 2388 45
918 2345 973 2399 ef.
1002 2343 1090 2388 Cio.
1114 2343 1172 2386 acl
1199 2344 1305 2398 fani.
1330 2346 1367 2394 7,
1388 2346 1428 2394 8,
1451 2346 1496 2387 2.
1528 2346 1567 2393 7,
1590 2346 1654 2393 17,
1676 2345 1716 2384 3.
1776 2342 1883 2383 Eius
1914 2341 1998 2382 dis-

260 2414 430 2471 cipulus
450 2414 666 2457 Antistius
687 2414 838 2457 Labeo
860 2413 963 2468 Diy.
985 2417 1024 2464 1,
1046 2416 1091 2464 2,
1112 2417 1156 2464 2,
1178 2416 1242 2458 47.
1293 2412 1486 2456 Consilio
1508 2412 1601 2454 eius
1629 2412 1696 2454 usi
1718 2418 1819 2453 sunt
1839 2406 2006 2453 Caesar

263 2481 348 2527 Cio.
372 2483 430 2525 ad
448 2483 553 2537 fani.
577 2486 615 2534 7,
639 2486 704 2534 11,
726 2486 782 2534 2;
811 2485 877 2533 13,
902 2486 942 2533 1,
975 2488 1018 2524 et
1037 2481 1263 2536 Augustus
1284 2482 1392 2525 Iust.
1415 2481 1513 2523 inst.
1535 2483 1579 2531 2,
1600 2482 1661 2524 25
1680 2494 1754 2534 pr.
1806 2478 1923 2532 Quid
1944 2478 1999 2520 de

261 2550 449 2594 divortio
482 2553 596 2594 inter
629 2552 881 2594 Terentiam
903 2557 946 2593 et
965 2550 1262 2592 Maecenatem
1284 2548 1558 2605 responderit
1577 2548 1722 2590 Labeo
1744 2546 1861 2601 apud
1878 2547 1998 2589 Iavo-

262 2619 400 2663 lenum
420 2619 542 2675 (Diy.
564 2623 635 2671 24,
658 2624 697 2672 1,
719 2619 801 2674 64).
848 2618 1046 2675 ‘Aliquot
1073 2618 1209 2661 libros
1240 2617 1295 2660 de
1324 2619 1419 2660 iure
1451 2615 1571 2659 civili
1603 2616 1844 2672 composuit
1874 2622 1917 2657 et
1946 2615 2000 2657 de

263 2687 543 2744 religionibus
559 2695 731 2731 novem'
750 2688 962 2743 Porphyr.
981 2687 1039 2730 ad
1053 2687 1163 2731 Hor.
1179 2690 1260 2730 sat.
1277 2691 1321 2739 2,
1338 2690 1377 2738 1,
1395 2690 1433 2729 1.
1466 2686 1623 2729 Libros
1644 2685 1699 2727 de
1719 2683 2001 2739 religionibus

262 2758 398 2800 citant
425 2758 590 2801 Gellius
623 2757 878 2800 Macrobius
910 2756 991 2799 alii
1019 2756 1198 2811 (librum
1229 2756 1445 2798 decimum
1475 2754 1674 2797 Maerob.
1706 2756 1787 2797 sat.
1818 2756 1856 2803 3,
1879 2755 1917 2802 3,
1939 2752 1998 2806 5).

265 2827 458 2870 Trebatii
492 2827 736 2885 complures
766 2826 867 2869 libri
900 2833 1062 2881 extant,
1100 2825 1192 2868 ‘sed
1222 2827 1364 2867 minus
1397 2825 1715 2881 frequentatur’
1740 2821 2002 2876 Pomponius

262 2896 365 2952 Diy.
382 2900 421 2948 1,
439 2900 482 2947 2,
502 2900 545 2947 2,
567 2899 634 2939 45.
664 2895 932 2950 Fraymenta
954 2894 1163 2937 librorum
1184 2894 1234 2936 de
1254 2893 1534 2949 religionibus
1556 2891 1787 2946 composuit
1802 2889 2000 2932 Huschke

263 2965 498 3020 iurisprud.
521 2966 716 3009 anteiust.
730 2979 779 3019 p.
796 2967 878 3006 100
898 2977 995 3018 seq„
1023 2978 1130 3018 quae
1152 2963 1211 3006 ad
1229 2964 1297 3006 ius
1319 2962 1439 3005 civile
1452 2962 1671 3017 pertinent
1690 2959 1819 3002 Lenel
1829 2958 1998 3013 paliny.

263 3035 348 3077 iur.
379 3036 455 3077 civ.
477 3035 539 3077 II
553 3049 602 3089 p.
622 3037 704 3076 343
722 3047 807 3088 seq.
838 3058 894 3064 —
935 3033 1082 3075 Etiam
1114 3033 1227 3075 inter
1257 3039 1407 3089 poetas
1437 3030 1582 3073 locum
1610 3026 1860 3081 obtinuit(‘?)
1892 3025 2000 3068 Por-

260 3102 487 3158 phyrionis
519 3102 577 3145 ad
599 3102 709 3146 Hor.
738 3104 819 3144 sat.
840 3105 884 3152 2,
904 3104 944 3152 1,
966 3104 992 3143 1
1023 3101 1185 3144 codices
1216 3101 1443 3145 deteriores
1474 3100 1605 3153 (inter
1634 3103 1782 3153 poetas
1814 3095 1925 3137 deest
1953 3094 2000 3136 in

270 3172 425 3226 optineo
457 3171 608 3221 codiee,
639 3170 884 3224 videturque
912 3170 1180 3224 insiticium).
1277 3224 1280 3227 .

180 3252 263 3294 229
294 3251 534 3306 Tr[e]batia
566 3249 820 3293 Marcellina
850 3249 997 3304 fistula
1028 3249 1234 3304 plumbea
1261 3249 1456 3298 urbana,
1490 3261 1559 3302 ap.
1590 3244 1877 3287 Lanoianium
1906 3242 1999 3297 syll.

267 3335 333 3375 aq.
363 3335 406 3363 n.
426 3323 521 3363 486.
584 3319 749 3362 Nomen
778 3318 945 3361 videtur
973 3318 1166 3361 indicare
1196 3318 1399 3372 seminani
1427 3315 1621 3359 nobilem.
