2242 3672
172 259 350 297 VMBER
1043 259 1126 303 467
1730 266 1988 304 VMBRINVS

255 393 368 448 yisse
395 392 533 447 possis
563 394 763 436 conicere.
826 394 1120 450 Supervixisse
1149 397 1388 441 Aureliano
1418 399 1595 442 coniecit
1620 398 1783 442 Eclchel
1811 402 1992 454 propter
2042 452 2044 454 q

256 474 447 505 nummos
486 475 538 504 ex
575 463 751 516 septimo
793 477 906 506 anno
946 466 1114 516 mariti,
1156 480 1236 520 quo
1265 468 1469 509 maritum
1498 468 1588 510 iam
1617 471 1830 511 mortuum
1858 468 1992 523 fuisse

254 529 458 585 putabat,
488 544 574 573 non
602 534 714 573 recte
742 535 791 574 ut
819 533 908 575 iam
939 537 1114 585 constat,
1148 536 1202 589 cf.
1235 535 1374 578 Sallet
1403 536 1428 578 l.
1461 550 1494 578 c.
1519 551 1566 591 p.
1590 539 1662 581 82.

172 599 255 643 587
285 605 388 642 VM.
408 633 417 642 .
437 632 446 642 .
465 632 475 642 .
507 605 901 643 TEREVENTINVS
934 601 1053 660 (Οὐμ.
1085 603 1362 663 Τερεβεντίνου
1394 608 1453 647 est
1491 605 1538 647 in
1566 606 1767 657 nummis,
1808 606 1991 649 nominis

252 668 464 724 yentilicii
471 669 633 724 primis
655 669 808 712 litteris
824 670 898 714 ΟΥ
920 672 1187 726 contiqnatis.
1226 672 1463 728 Ooynomen
1482 674 1573 717 sine
1594 674 1722 717 dubio
1744 674 1914 717 ductum
1935 675 1989 718 ab

258 737 410 793 oppido
432 737 605 781 Samnii
625 737 824 781 Tervento
847 740 931 781 sive
953 740 1187 792 Terevento‚
1210 742 1265 796 cf.
1284 741 1398 786 CIL.
1410 742 1491 785 IX
1499 758 1548 798 p.
1558 746 1655 787 241.
1685 743 1892 786 Fortasse
1913 743 1991 786 ali-

257 820 342 861 qua
362 806 592 862 parentela
620 808 865 850 coniunctus
895 822 988 851 eum
1010 810 1162 853 Medio
1188 811 1433 854 Terventino
1455 813 1679 866 praefecto
1706 812 1991 855 vehiculorum

256 890 296 918 a.
306 876 426 929 214).
448 875 640 931 Legatus
653 876 754 933 (ἠγ.)
765 878 1019 933 provinciae
1029 879 1219 922 Moesiae
1237 880 1453 923 inferioris
1470 882 1711 938 imperante
1721 881 1989 937 Alexandro,

257 951 357 987 ante
386 951 567 987 mortem
597 945 782 1001 Maesae,
816 947 939 989 initio
970 948 1104 1002 igitur
1133 949 1302 1004 imperii
1333 949 1426 991 eius
1455 950 1620 991 nwmmi
1647 949 1991 1006 Marcianapoli-

257 1016 456 1057 tanorum
485 1027 580 1056 cwm
609 1014 823 1068 capitibus
852 1014 916 1057 vel
943 1015 1076 1058 solius
1097 1016 1244 1059 Severi
1263 1017 1508 1060 Alexandri
1536 1018 1751 1073 (Mionnet
1780 1019 1916 1074 suppl.
1938 1020 1999 1062 II

253 1097 302 1138 p.
323 1085 405 1125 103
435 1095 479 1125 n.
502 1084 590 1126 288
610 1096 716 1137 seq„
747 1083 865 1125 Mus.
896 1083 1044 1127 Berol.
1077 1088 1158 1128 cat.
1188 1100 1344 1130 numm.
1376 1087 1411 1128 I
1434 1101 1483 1141 p.
1514 1089 1566 1129 65
1604 1101 1646 1130 n.
1675 1091 1741 1139 47,
1775 1088 1897 1142 alibi)
1928 1088 1992 1131 vel

255 1151 501 1195 Alemanclri
528 1155 568 1194 et
600 1151 780 1195 Maesae
811 1152 1027 1207 (Mionnet
1058 1153 1082 1199 l.
1116 1168 1149 1197 c.
1172 1169 1220 1209 p.
1244 1158 1325 1197 107
1354 1169 1395 1198 n.
1418 1158 1499 1198 309
1529 1155 1630 1210 seq.)
1657 1156 1722 1199 vel
1749 1156 1993 1200 Alexanclri

257 1224 298 1265 et
327 1221 560 1264 Mamaeae
590 1221 664 1276 (ib.
697 1235 745 1276 p.
777 1224 860 1264 108
888 1236 930 1264 n.
959 1225 1053 1265 318.
1084 1223 1181 1278 319)
1223 1223 1382 1276 (errore
1415 1225 1505 1267 sine
1536 1225 1663 1268 dubio
1694 1240 1763 1279 ap.
1796 1224 1993 1267 Mionnet

257 1290 284 1334 l.
315 1304 348 1334 e.
382 1305 431 1346 p.
463 1292 519 1334 98
565 1304 606 1333 n.
637 1292 722 1333 263
762 1290 959 1333 dicuntur
1006 1292 1151 1346 capita
1198 1306 1283 1335 esse
1329 1292 1573 1347 Elayabali
1621 1297 1660 1336 et
1709 1293 1988 1344 Soaemiaclis,

255 1360 313 1405 ib.
349 1374 399 1415 p.
434 1362 489 1402 80
532 1373 574 1404 n.
610 1362 696 1403 152
741 1359 897 1402 dicitur
937 1364 1066 1415 caput
1102 1360 1388 1418 Caracallae).
1466 1361 1533 1416 Cf.
1575 1363 1703 1405 etiam
1742 1376 1876 1416 supra
1914 1362 1989 1404 sub

257 1429 324 1473 Ti.
369 1428 484 1472 Iulio
523 1428 653 1472 Festo
694 1427 745 1481 (I
775 1431 878 1485 204)
919 1430 992 1484 fin.
1063 1431 1270 1485 Leyatuni
1310 1431 1442 1485 fuisse
1484 1445 1569 1473 non
1614 1431 1877 1474 consularem
1918 1430 1993 1473 secl

251 1489 524 1554 praetorium
554 1498 730 1541 coniecit
760 1497 869 1541 Pieli
899 1499 1069 1542 Wiener
1090 1500 1284 1542 numism.
1307 1499 1512 1542 Zeitschr.
1533 1502 1592 1543 23
1611 1515 1661 1555 p.
1682 1503 1735 1543 33
1755 1502 1991 1554 propterea

254 1568 367 1623 quocl
395 1567 610 1625 ἣγ(εμών),
641 1581 728 1611 non
757 1567 979 1622 ὑπ(ατικός)
1011 1567 1168 1610 dicitur
1197 1569 1244 1610 in
1273 1569 1469 1611 nummis.

169 1637 253 1682 588
282 1636 467 1692 Umber,
506 1643 635 1693 poeta
672 1636 814 1679 malus
854 1636 1058 1679 Martial.
1091 1640 1129 1688 7,
1162 1640 1230 1687 90,
1260 1639 1288 1679 3
1324 1635 1452 1689 (idem
1490 1651 1640 1680 nomen
1679 1651 1749 1692 ap.
1785 1636 1987 1680 Martial.

256 1710 293 1759 7,
323 1709 390 1750 53.
425 1709 496 1757 12,
527 1705 612 1761 81).

169 1776 253 1820 589
283 1782 336 1820 Μ.
377 1781 617 1818 VMBILIVS
658 1781 949 1817 MAXIMINVS
982 1775 1058 1830 (sic
1088 1774 1216 1817 XIV
1235 1777 1343 1824 251,
1386 1775 1446 1817 M.
1479 1773 1697 1818 Umbilius
1727 1774 1846 1818 Max,
1878 1774 1989 1830 177),

255 1850 465 1902 patronus
485 1845 678 1901 corporis
704 1843 1107 1887 lenunculariorum
1129 1843 1399 1887 Ostiensium
1421 1859 1458 1888 a.
1479 1844 1573 1899 192,
1598 1842 1760 1886 ordinis
1786 1844 1990 1886 senatorii

253 1913 382 1957 XIV
401 1914 508 1965 251,·
538 1913 788 1956 nominatur
816 1913 874 1956 ib.
906 1916 1002 1956 177.

170 1984 255 2026 590
284 1988 544 2026 VMBONIVS
577 1988 687 2025 SILO
721 1982 884 2036 (Σιλίων
907 1982 1126 2038 traditur),
1159 1981 1392 2039 proconsul
1418 1982 1636 2036 Baeticae,
1668 1996 1707 2025 a.
1729 1982 1785 2023 44
1815 1981 1992 2023 arcessi-

256 2059 325 2095 tus
356 2051 399 2107 (e
431 2051 691 2108 provincia),
734 2052 848 2108 quod
890 2067 978 2094 non
1018 2053 1121 2094 satis
1162 2051 1368 2094 frumenti
1408 2052 1453 2093 in
1483 2050 1803 2093 Mauretaniam
1833 2050 1889 2092 ad
1920 2065 1990 2092 ex—

256 2121 520 2178 peditionem
562 2121 772 2175 misisset,
815 2126 858 2163 et
896 2127 1049 2163 senatu
1084 2126 1225 2163 motus
1256 2119 1345 2163 Dio
1375 2123 1441 2171 60,
1473 2123 1544 2163 24.
1603 2118 1673 2162 Ab
1704 2119 1781 2162 hoc
1809 2120 1992 2173 fortasse

257 2189 461 2235 oriundus
483 2223 492 2232 .
510 2223 520 2234 .
540 2223 550 2233 .
571 2190 795 2246 Hispanus
818 2189 1083 2247 [P]ompeius
1105 2188 1356 2244 Marcel[lus
1377 2188 1636 2244 Umb]0nius
1660 2187 1749 2231 Silo
1771 2191 1799 2231 t.
1823 2187 1991 2243 Sayun-

257 2261 371 2303 tinus
400 2259 461 2302 II
482 2261 606 2302 3839.

173 2330 255 2373 591
288 2328 552 2383 Umbricius,
585 2328 750 2370 amicus
780 2327 1013 2379 Iuvenalis,
1046 2326 1168 2370 urbis
1189 2333 1415 2384 pertaesus
1437 2325 1598 2370 Cumas
1619 2326 1781 2369 secedit
1800 2325 1989 2368 Iuvenal.

254 2401 294 2450 3,
325 2400 385 2441 21
405 2410 487 2451 seq.
520 2396 576 2450 cf.
606 2399 646 2447 3,
675 2399 714 2439 1.
746 2400 791 2440 2.
821 2399 920 2440 321.

169 2468 253 2511 592
286 2465 537 2510 Umbricius
568 2465 725 2507 Melior
755 2464 833 2518 (sic
864 2465 981 2508 Plin.
1003 2468 1042 2516 1,
1064 2469 1131 2510 10.
1154 2469 1220 2516 11,
1244 2468 1474 2520 praeterea
1500 2464 1764 2520 yentilicium
1794 2462 1988 2518 tantuin),

253 2535 534 2592 haruspicum
564 2535 852 2591 peritissimus
883 2550 990 2577 aevo
1024 2534 1155 2578 Plinii
1181 2535 1303 2577 Plin.
1326 2534 1365 2579 h.
1388 2548 1429 2578 n.
1451 2537 1518 2588 10,
1541 2537 1606 2576 19.
1665 2532 1719 2576 A.
1743 2533 1797 2575 69
1825 2531 1990 2576 Galbae

256 2606 551 2647 imminentem
577 2605 812 2662 perniciem
832 2604 1052 2661 praedixit
1077 2605 1175 2647 Tac.
1197 2604 1236 2646 h.
1259 2607 1297 2655 1,
1320 2607 1391 2654 27,
1415 2603 1532 2646 Plut.
1552 2602 1679 2646 Galb.
1701 2605 1770 2645 24.
1808 2601 1991 2656 Scripsit

255 2674 309 2717 de
340 2674 528 2717 Etrusca
558 2673 788 2731 disciplina
817 2674 932 2717 Plin.
953 2678 993 2725 1,
1016 2678 1082 2717 10.
1104 2677 1156 2716 11
1186 2675 1240 2728 cf.
1263 2676 1329 2724 10,
1350 2676 1416 2716 19.

170 2744 253 2786 593
286 2749 329 2794 Q.
346 2749 620 2785 VMBRICIVS
638 2749 895 2786 PROCVLVS
917 2742 1086 2797 legatus
1101 2742 1216 2798 Aug.
1234 2742 1487 2799 provinciae
1503 2741 1742 2797 Hispaniae
1763 2738 1985 2791 citerioris,

255 2811 519 2854 clarissimus
549 2813 618 2854 vir
649 2815 677 2854 t.
712 2812 1047 2855 Tarraconensis
1075 2812 1138 2854 II
1157 2814 1283 2856 4128.

170 2881 255 2923 594
285 2879 511 2924 Umbricia
541 2880 617 2934 (sic
647 2880 773 2936 Diffi,
805 2881 976 2924 Umbra
1006 2880 1166 2935 collat.)
1207 2880 1263 2922 ab
1295 2879 1520 2922 Hadriano
1562 2879 1605 2919 in
1642 2875 1988 2933 quinquennium

256 2949 472 3004 relegata,
516 2949 634 3006 quod
673 2965 729 2992 ex
769 2949 998 2992 levissimis
1039 2951 1181 2992 causis
1226 2948 1406 2991 ancillas
1452 2946 1720 2989 atrocissime
1764 2949 1989 2985 tractasset

265 3018 482 3074 Ulpianus
508 3019 616 3062 libro
645 3022 788 3062 octavo
814 3019 863 3062 cle
889 3020 1033 3075 officio
1047 3018 1317 3074 proconsulis
1335 3016 1454 3073 (Diy.
1467 3020 1505 3066 1,
1523 3019 1560 3065 6,
1578 3018 1620 3058 2.
1645 3012 1800 3056 Collat.
1817 3014 1857 3060 3,
1874 3013 1913 3060 3,
1930 3010 1987 3064 4).

169 3089 252 3131 595
285 3087 510 3131 Umbricia
541 3088 689 3142 Bassa,
723 3089 774 3131 T.
797 3088 912 3131 Aelii
941 3088 1164 3144 Antipatri
1196 3102 1312 3144 proc.
1339 3086 1483 3140 Augg.
1515 3084 1705 3125 coniunx
1737 3084 1764 3122 t.
1788 3079 1988 3123 Sentinas

255 3157 337 3200 XI
357 3159 468 3200 5738
498 3156 571 3212 (=
599 3156 728 3199 Orell.
760 3156 900 3212 1891).

184 3250 242 3256 --
286 3233 326 3270 C.
357 3231 640 3268 PETRONIVS
670 3231 945 3268 VMBRINVS.

184 3319 243 3325 ——
285 3301 337 3339 M.
370 3300 652 3337 PETRONIVS
683 3301 956 3338 VMBRINVS.

183 3389 241 3396 .-
285 3371 329 3415 Q,
360 3369 644 3407 PETRONIVS
675 3363 981 3419 VMB[R1NVS].
1637 3424 1709 3461 30*
