2242 3672
263 249 430 285 SOSIVS
1124 240 1210 281 254
1901 247 2068 285 SOSIVS

350 381 446 434 epit.
478 382 562 422 128
593 379 655 420 ait
684 378 866 420 Iudaeos
897 377 950 418 ab
977 376 1159 418 Antonii
1188 376 1338 430 leyatis
1366 377 1564 419 subactos
1593 376 1709 431 esse).
1772 378 1858 420 Res
1886 377 2070 421 feliciter

346 448 457 502 gerit
486 448 529 488 in
557 447 684 501 Syria
704 445 816 487 Plut.
841 444 943 488 Ant.
970 447 1024 485 34
1055 445 1148 497 (ubi
1171 459 1252 498 pro
1273 443 1412 491 Σόσιος
1444 444 1630 487 traditur
1650 444 1852 500 Κοίλιος);
1883 445 2068 489 Aradios

348 521 569 571 expugnat
595 513 682 556 Dio
712 517 778 563 49,
811 516 884 556 22.
953 512 1038 567 (Ab
1070 526 1116 554 eo
1144 515 1192 554 ut
1220 512 1384 555 videtur
1415 515 1512 555 tune
1542 514 1739 567 temporis
1769 513 1967 557 Seleucia
1994 514 2070 557 ab-

348 584 458 624 latus
490 581 643 638 Apollo
675 581 814 623 dictus
845 580 1051 623 Sosianus
1073 580 1189 624 Plin.
1220 580 1260 623 h.
1291 595 1333 625 n.
1355 584 1419 632 13,
1441 583 1507 624 53.
1526 584 1592 633 36,
1613 582 1705 636 28).
1764 581 2069 639 Hierosolyma

347 667 430 693 una
452 665 549 692 cum
571 648 745 691 Herode
773 648 942 690 obsidet
973 655 1015 690 et
1045 655 1268 704 expugnat
1289 663 1325 693 a.
1346 649 1426 692 717
1448 649 1614 704 Ioseph.
1638 653 1726 692 ant.
1747 653 1813 701 14,
1835 653 1901 701 16,
1922 653 1948 692 1
1968 664 2065 705 seq„

344 721 407 769 15,
430 723 467 768 1,
489 722 527 769 1,
552 717 644 760 bell.
662 721 699 767 1,
722 719 787 767 18,
810 719 842 760 2
856 730 952 770 seq„
976 715 1064 759 Dio
1086 716 1112 759 l.
1135 730 1182 767 0.,
1209 716 1450 771 Africanus
1470 732 1539 772 ap.
1561 718 1800 773 Syneellum
1813 733 1861 774 p.
1873 721 1968 769 579,
1989 722 2065 763 22.

341 790 436 837 582,
454 790 509 828 13
530 786 591 828 ecl.
608 785 763 835 Bonn„
787 786 841 838 ef.
867 784 1033 839 Ioseph.
1066 785 1157 828 bell.
1189 789 1227 836 5,
1250 789 1288 836 9,
1311 789 1349 828 4.
1382 789 1419 837 6,
1445 790 1511 837 10,
1534 790 1572 838 1,
1606 787 1767 830 Seneca
1795 800 1908 831 suas.
1930 791 1973 839 2,
1994 790 2065 839 21,

347 856 446 897 Tac.
483 855 521 896 h.
556 857 594 904 5,
632 857 671 896 9.
736 853 995 909 Triumphat
1029 869 1084 895 ex
1117 854 1280 896 Iudaea
1314 854 1355 897 d.
1393 857 1419 897 3
1456 855 1573 911 Sept.
1612 856 1693 898 720
1723 856 1832 909 fasti
1865 855 2064 911 triumph.

344 924 446 978 Cap.
499 926 538 965 et
579 922 716 964 Barb.
767 921 903 976 (CIL.
941 922 975 964 I
1007 921 1068 966 ecl.
1109 925 1140 965 2
1176 937 1224 977 p.
1253 926 1319 967 50.
1357 922 1449 978 76),·
1492 923 1794 980 ‘triumphalis’
1832 923 1910 966 1X
1943 927 2064 968 4855.

342 994 581 1048 Imperator
600 991 760 1033 nummi
781 1005 849 1045 ap.
876 990 1071 1036 Babelon
1091 1005 1132 1033 n.
1155 994 1198 1034 2.
1259 991 1421 1034 Consul
1441 993 1604 1034 nummi
1620 993 1677 1035 ib.
1699 1007 1741 1037 n.
1756 983 2066 1043 4‚·ordinarius

342 1077 378 1104 a.
413 1061 493 1102 722
535 1074 631 1101 cum
663 1058 741 1103 Cn.
773 1059 964 1101 Domitio
995 1059 1285 1103 Ahenobarbo
1316 1061 1434 1115 fasti.
1494 1062 1606 1118 Ipsis
1645 1061 1734 1104 kal.
1765 1062 1980 1104 Ianuariis
2020 1062 2065 1104 in

345 1135 497 1171 senatu
521 1129 712 1183 graviter
738 1129 782 1170 in
804 1127 1033 1171 Caesarem
1056 1129 1265 1184 invectus,
1297 1129 1440 1186 paullo
1471 1136 1568 1186 post
1597 1129 1709 1172 clam
1739 1145 1785 1172 se
1814 1130 1981 1173 confert
2009 1130 2065 1174 ad

339 1197 577 1240 Antonium
602 1196 690 1239 Dio
718 1199 785 1247 50,
818 1200 850 1240 2
880 1198 934 1250 ef.
968 1197 1083 1240 Suet.
1106 1197 1219 1252 Auy.
1241 1201 1305 1240 16.
1366 1198 1420 1242 A.
1454 1198 1535 1241 723
1568 1198 1711 1255 paullo
1742 1205 1842 1241 ante
1871 1212 2064 1255 pugnam

343 1266 567 1309 Actiacam
598 1264 796 1307 conflixit
825 1280 920 1307 cum
952 1272 1075 1322 parte
1106 1265 1255 1308 classis
1278 1266 1575 1322 Caesarianae,
1610 1267 1684 1309 sed
1715 1268 1860 1310 victus
1891 1273 1957 1310 est
1975 1266 2064 1311 Dio

337 1338 404 1386 50,
436 1338 488 1376 14
519 1334 580 1387 (et
606 1335 735 1390 periit
764 1335 835 1385 ib„
869 1337 1016 1389 aperto
1046 1349 1205 1386 errore,
1238 1335 1292 1389 cf.
1323 1336 1475 1390 infra).
1535 1336 1692 1391 Pugna
1731 1335 1912 1379 Actiaca
1948 1337 2063 1393 parti

339 1404 514 1445 navium
545 1402 891 1444 Antonianarum
921 1410 1120 1459 praeerat
1150 1403 1250 1446 Vell.
1271 1407 1315 1451 2.
1337 1406 1391 1447 85
1420 1405 1474 1459 cf.
1507 1404 1624 1447 Plut.
1645 1404 1750 1449 Ant.
1770 1407 1824 1448 65
1851 1405 1946 1459 (ubi
1973 1408 2062 1455 tra-

339 1472 455 1514 (le'tur
486 1470 675 1525 Κοίλιος).
718 1472 822 1513 Post
852 1485 1044 1527 pugnam
1069 1486 1167 1514 cum
1194 1487 1271 1529 per
1291 1472 1466 1530 aliquod
1488 1479 1656 1530 tempus
1675 1473 1882 1527 latuisset,
1912 1479 2064 1531 postea

337 1539 671 1596 comprehensus
702 1545 766 1582 est
794 1539 881 1582 Dio
911 1543 977 1597 51,
1006 1544 1048 1595 2,
1091 1541 1167 1583 sed
1198 1557 1224 1584 a
1254 1541 1441 1585 Caesare
1471 1541 1697 1584 incolumis
1727 1542 1930 1585 dimissus
1961 1541 2062 1588 Vell.

337 1613 380 1660 2,
411 1612 476 1659 85,
508 1608 595 1652 Dio
624 1611 690 1660 51,
722 1612 764 1652 2.
796 1611 861 1659 56,
892 1612 948 1652 38
978 1607 1078 1662 (non
1108 1610 1239 1665 iyitur
1267 1611 1403 1665 periit
1433 1614 1530 1654 ante
1551 1613 1776 1667 puynam).
1836 1611 2063 1667 Superstes

338 1678 419 1719 fuit
458 1693 496 1719 a.
539 1678 634 1731 737,
680 1692 766 1734 quo
807 1693 919 1720 anno
961 1678 1156 1721 interfuit
1196 1680 1328 1721 sacris
1369 1679 1662 1722 saecularibus
1704 1683 1784 1722 aet.
1826 1679 1911 1722 lud.
1951 1692 2062 1724 saec.

337 1760 372 1790 v.
397 1749 479 1789 150
509 1746 615 1801 (eph.
649 1760 709 1800 ep.
731 1748 760 1788 8
781 1761 828 1801 p.
851 1746 975 1801 233);
1004 1747 1091 1789 nisi
1121 1748 1232 1790 alius
1263 1747 1307 1791 C.
1338 1748 1489 1791 Sosius
1517 1749 1785 1806 siqnifieatur
1813 1748 1945 1803 (filius
1973 1748 2062 1791 eius

335 1818 561 1868 praeterea
590 1816 786 1870 iynotus).
812 1839 861 1844 —
886 1816 1109 1872 Pronepos
1140 1817 1232 1858 eius
1262 1817 1312 1859 L.
1345 1817 1512 1859 Nonius
1532 1816 1826 1870 Quintilianus
1847 1816 1926 1859 IX
1939 1819 2060 1860 4855.

251 1884 332 1925 557
365 1890 407 1934 Q.
441 1889 606 1925 soslvs
648 1889 810 1925 FALeo
853 1884 1038 1937 (Σόσσιος
1069 1886 1231 1932 Φλάκος
1261 1885 1349 1928 Dio
1382 1888 1448 1936 72,
1481 1888 1564 1937 22,
1606 1885 1737 1928 Falco
1771 1885 1844 1928 vit.
1874 1884 1991 1928 Pert.
2023 1889 2063 1928 et

336 1951 422 1994 Dio
453 1954 516 2002 73,
541 1954 591 2002 8,·
621 1952 668 1994 in
698 1952 920 1994 consulatu
950 1951 1002 2006 Q.
1036 1953 1185 1996 Sosius
1216 1953 1348 1996 Falco
1371 1955 1432 1997 II
1443 1957 1566 1998 4125.
1598 1954 1647 1996 Χ
1662 1957 1784 2005 4760,
1812 1953 1867 2007 Q.
1888 1953 2060 1997 Sossius

342 2051 468 2062 .....
500 2019 568 2062 VI
590 2023 729 2075 11730,
762 2020 895 2063 Falco
917 2021 1179 2076 plerumque,
1213 2022 1370 2065 Flacco
1399 2024 1506 2077 fasti
1528 2022 1703 2078 Hydai,
1735 2024 1897 2069 Φλάκος
1917 2022 2058 2066 chron.

337 2088 501 2139 Pasch„
536 2091 721 2136 Φλάκκος
750 2090 856 2143 fasti
883 2090 1074 2145 Graeci).

422 2157 593 2199 Genere
615 2164 656 2199 et
677 2158 829 2214 opibus
853 2159 1068 2201 excellens
1089 2159 1177 2202 Dio
1199 2163 1264 2211 78,
1287 2164 1330 2203 2.
1387 2160 1560 2203 Videtur
1587 2161 1720 2214 fuisse
1749 2161 1888 2214 frater
1909 2159 2060 2203 Sosiae

334 2225 615 2276 Falconillae,
638 2226 753 2280 filius
781 2227 826 2280 Q.'
852 2227 1047 2282 Pompeii
1067 2228 1185 2272 Sosii
1204 2228 1349 2271 Prisci
1378 2229 1560 2271 consulis
1587 2243 1627 2273 a.
1648 2232 1742 2271 169.
1794 2227 1862 2282 Cf.
1883 2230 2059 2270 stemma

332 2294 599 2348 propositum
638 2308 770 2348 supra
807 2296 883 2338 sub
922 2296 968 2349 Q.
1001 2296 1203 2350 Pompeio
1232 2296 1422 2339 Falcone
1450 2297 1574 2340 Sosio
1605 2297 1768 2339 Prisco.
1799 2321 1857 2327 —
1892 2295 2057 2340 Consul

333 2361 423 2404 ord.
447 2377 484 2404 a.
510 2362 590 2404 193
621 2377 718 2404 cum
741 2363 787 2406 C.
810 2364 922 2406 Iulio
946 2365 1107 2406 Erucio
1130 2364 1258 2407 Claro
1288 2366 1406 2419 fasti.
1454 2366 1524 2407 De
1554 2365 1788 2407 occidendo
1820 2380 1869 2407 eo
1900 2370 1943 2407 et
1971 2364 2054 2407 col-

332 2429 429 2484 lega
457 2430 724 2484 cogitaverat
754 2430 1015 2474 Commodus
1041 2432 1129 2475 1)·ῑό
1152 2436 1220 2484 72,
1242 2437 1317 2477 22.
1358 2434 1507 2476 Verba
1538 2434 1629 2476 eius
1660 2435 1703 2475 in
1735 2439 1886 2476 senatu
1906 2439 2056 2476 contra

333 2498 601 2540 Pertinacem
639 2500 710 2543 vit.
740 2499 856 2543 Pert.
888 2503 924 2543 5.
988 2501 1172 2543 Insidias
1218 2508 1342 2558 parat
1385 2502 1603 2544 Pertinaci
1647 2502 1718 2544 vit.
1761 2501 1876 2545 Pert.
1916 2505 1983 2552 10,
2013 2503 2054 2545 1.

333 2567 567 2621 Imperium
600 2567 637 2608 ei
670 2568 945 2611 contulerunt
975 2572 1237 2626 praetoriani
1266 2570 1356 2614 Dio
1377 2574 1441 2621 73,
1462 2574 1491 2614 8
1521 2571 1695 2626 (Zonar.
1718 2573 1789 2621 12,
1820 2570 1862 2625 6)
1892 2568 2055 2624 (‘multi

331 2635 515 2675 nescisse
555 2635 758 2678 dicebant
796 2637 1028 2680 Falconem
1068 2640 1296 2695 imperium
1336 2639 1417 2682 sibi
1454 2641 1613 2695 parari'
1647 2640 1719 2683 vit.
1750 2638 1866 2683 Peri.
1896 2642 1962 2690 10,
1994 2638 2052 2692 6).

331 2701 539 2744 Pertinax
570 2704 607 2744 ei
639 2706 831 2760 pepercit
850 2707 920 2748 vit.
943 2706 1059 2750 Pert.
1083 2711 1146 2758 10,
1170 2712 1208 2759 4,
1242 2709 1539 2764 impunitatem
1570 2709 1661 2750 eius
1691 2723 1717 2749 a
1744 2714 1899 2750 senatu
1928 2706 2054 2763 petiit

331 2768 411 2818 2'b.;
441 2768 529 2810 Dio
560 2769 584 2812 l.
618 2784 650 2813 e.
682 2770 855 2822 (Zonar.
888 2773 912 2816 l.
945 2773 1009 2827 0.).
1074 2775 1140 2817 ‘In
1180 2775 1311 2817 rebus
1351 2776 1439 2818 suis
1480 2790 1629 2817 secure
1660 2776 1772 2818 vixit
1812 2781 1855 2818 et
1892 2773 2052 2817 herede

330 2835 416 2877 filio
448 2838 572 2891 perit‘
606 2838 677 2879 vit.
710 2839 823 2883 Pert.
855 2845 920 2891 10,
950 2845 987 2883 5.
1021 2868 1070 2871 ff
1104 2843 1224 2885 Avus
1262 2847 1310 2885 ut
1347 2844 1512 2886 videtur
1544 2844 1591 2897 Q.
1624 2843 1819 2898 Pompeii
1845 2842 2052 2886 Falconis

330 2903 447 2945 Sosii
476 2904 630 2955 Prisci,
662 2910 894 2958 quaestoris
923 2911 997 2952 sub
1030 2910 1261 2954 Caracalla
1289 2913 1351 2955 vel
1375 2912 1623 2967 Elaqabalo
1652 2912 1713 2967 (P
1736 2910 1847 2966 459).

243 2971 325 3012 558
357 2977 408 3012 M.
443 2978 605 3014 soslvs
647 2980 929 3018 LAELIANVS
971 2985 1179 3022 1¹0NT1vs
1220 2987 1383 3023 FALco
1415 2981 1492 3033 (sie
1519 2995 1556 3022 v.
1589 2984 1660 3031 12,
1702 2981 1883 3022 Pontius
1917 2979 2048 3022 Falco

327 3052 363 3080 v.
387 3039 468 3092 17),
501 3039 631 3082 salius
654 3041 873 3084 Palatinus
906 3045 1042 3088 factus
1074 3063 1111 3090 a.
1144 3049 1221 3091 170
1253 3049 1442 3091 VI1978
1470 3063 1506 3091 v.
1527 3051 1608 3100 12,·
1638 3049 1766 3090 desiit
1795 3063 1890 3090 esse
1917 3046 2048 3094 salius

332 3106 553 3149 Palatinus
581 3124 693 3150 anno
725 3111 966 3166 insequenti
997 3115 1054 3156 ib.
1085 3129 1121 3157 v.
1153 3120 1218 3159 17.
1279 3116 1485 3159 Diversus
1517 3117 1664 3160 Sosius
1696 3118 1767 3173 qui
1798 3117 1926 3159 desiit
1955 3130 2048 3158 esse

329 3173 458 3215 salius
495 3175 717 3218 Palatinus
758 3193 793 3219 a.
828 3180 906 3220 180
944 3180 1010 3223 VI
1033 3187 1141 3225 1980
1169 3198 1205 3226 v,
1232 3189 1296 3227 10.
1348 3186 1563 3228 Incertum
1592 3199 1675 3239 qua
1695 3183 1923 3239 parentela
1952 3197 2047 3226 con-

329 3242 492 3284 iunctus
532 3257 624 3286 eum
662 3245 726 3287 M.
768 3246 935 3288 Pontus
976 3250 1198 3294 Laelicmis
1239 3254 1388 3308 (supra
1428 3254 1472 3296 P
1504 3253 1719 3307 598-600)
1760 3256 1800 3295 et
1839 3253 1885 3305 Q.
1923 3246 2064 3294 Sosio'

327 3308 515 3351 Falcone
545 3313 617 3365 qui
638 3314 868 3366 praeeedit.
