2242 3672
322 252 565 288 VISTILIVS
1180 245 1262 286 448
1784 278 1788 282 .
1865 253 2129 295 VITELLIVS

409 382 477 425 VI
488 384 647 433 10051,·
682 382 727 423 in
758 380 893 423 indice
918 380 1075 423 Dionis
1107 381 1132 423 Z.
1163 383 1221 423 57
1248 381 1436 423 traditur
1466 380 1758 440 Κηλουσέλλιος
1787 382 1969 440 Οὖάρων,
2000 385 2131 439 fnisse

409 450 457 495 K.
482 454 506 507 ἢ
528 452 572 492 Λ.
597 450 822 495 Οὐισέλλιος
841 448 1034 506 Οὐάρρων
1056 450 1230 492 eonieeit
1250 449 1533 505 Boissevain),
1563 450 1677 493 filius
1705 453 1794 494 eius
1816 453 1891 508 qui
1911 452 2132 509 praeeedit

409 520 508 563 Tae.
541 534 580 561 a.
608 522 646 569 4,
680 522 731 560 19
762 517 829 571 (O.
861 518 889 561 f.
928 518 996 560 VI
1017 521 1140 568 1237,
1179 518 1230 560 L.
1263 518 1291 560 f.
1327 518 1416 561 Dio
1445 519 1534 562 ind.
1575 520 1602 562 l.
1630 522 1697 571 57,
1739 521 1879 575 male).
1946 520 2132 565 curator

412 589 601 643 riparum
632 593 674 629 et
708 586 821 628 alvei
843 586 1025 641 Tiberis,
1054 601 1141 628 una
1171 601 1269 628 eum
1300 586 1348 631 C.
1370 587 1501 630 Vibio
1531 588 1645 630 Rufo
1675 589 1852 635 consule
1881 595 1929 632 ut
1957 590 2131 634 videtur

406 672 443 698 a.
480 657 549 710 16,
592 655 773 711 aliisque
806 654 968 709 tribus,
1009 661 1224 711 postremo
1256 654 1350 697 loeo
1382 663 1656 699 enumeratus
1689 657 1757 700 VI
1778 660 1901 702 1237.
1967 658 2130 703 Consul

408 723 496 765 ord.
543 739 580 767 a.
622 724 676 766 24
720 738 817 765 cum
859 723 952 766 Ser.
992 722 1193 766 Cornelio
1241 723 1432 778 Cethego
1472 725 1591 779 fasti.
1659 727 1710 768 In
1761 727 1854 783 ipso
1903 726 2130 770 consulatu
2210 779 2212 781 ‚

408 792 454 835 O.
485 791 639 835 Silium
665 792 719 847 (S
736 794 845 842 507),
872 798 1089 848 ‘paternas
1120 794 1164 834 in
1195 793 1394 835 imicitias
1425 792 1694 845 obtendens’,
1724 796 1945 838 accusavit
1968 795 2065 840 Tae.
2088 810 2128 840 a.

404 865 443 911 4,
475 864 540 903 19.
597 860 667 903 Ab
698 861 779 903 hoe
810 860 986 905 consule
1017 868 1065 903 ut
1093 861 1267 904 videtur
1297 861 1367 915 (ef.
1401 862 1638 905 Mommsen
1665 863 1851 916 Staatsr.
1872 864 1962 907 III
1974 879 2023 919 p.
2044 868 2130 908 424

405 932 489 972 not.
511 933 551 980 3,
576 932 655 971 786
683 933 767 972 not.
789 929 833 983 3)
864 929 952 971 lata
981 929 1054 971 lex
1074 929 1257 972 Visellia
1288 930 1341 972 de
1370 931 1465 973 iure
1496 931 1734 984 Quiritium
1752 932 2020 988 Latinorum,
2053 933 2128 990 qui

405 999 516 1040 inter
546 997 698 1052 vigiles
728 997 1018 1041 militaverant
1053 998 1229 1053 Ulpian.
1259 999 1317 1053 fr.
1343 1003 1383 1049 3,
1404 1001 1443 1050 5,
1476 1006 1519 1042 et
1548 999 1602 1041 de
1631 1001 1781 1056 poenis
1811 1000 2126 1056 libertinorum,

405 1067 479 1122 qui
511 1068 795 1121 ingenuorum
826 1067 1008 1109 honores
1039 1067 1312 1123 usurpabant
1337 1068 1425 1110 eod.
1447 1068 1554 1112 Just.
1578 1071 1616 1119 9,
1638 1072 1720 1120 21,·
1749 1071 1789 1119 9,
1809 1071 1875 1120 31,
1897 1073 1936 1112 1.

321 1135 403 1176 489
435 1141 542 1177 SEX.
575 1141 819 1177 VISTILIVS
862 1135 1035 1189 (Vestil-
1066 1135 1194 1178 codex
1226 1136 1366 1179 Taciti
1396 1137 1529 1179 altero
1560 1136 1681 1192 loeo),
1723 1139 1989 1194 praetorius3
2030 1153 2128 1182 eum

402 1203 547 1245 Druso
578 1203 700 1246 fratri
731 1219 959 1260 percarum
989 1204 1191 1247 Tiberius
1223 1206 1268 1246 in
1298 1205 1517 1247 eohortem
1549 1220 1671 1248 suam
1700 1205 1998 1259 transtulerat;
2029 1221 2127 1250 cum
2204 1265 2206 1268 v

405 1287 443 1314 a.
484 1287 524 1328 p.
566 1271 670 1316 Chr.
708 1274 762 1315 32
807 1272 1031 1315 Tiberium
1075 1273 1345 1329 offendisset,
1390 1289 1524 1316 senex
1566 1281 1748 1317 mortem
1792 1275 1873 1318 sibi
1918 1276 2129 1319 conscivit

410 1340 507 1382 Tac.
539 1354 578 1382 a.
610 1343 648 1388 6,
680 1344 718 1383 9.
777 1341 983 1384 Fortasse
1013 1356 1063 1384 ex
1091 1341 1223 1385 huius
1245 1342 1419 1396 familia
1451 1343 1553 1386 Sex.
1580 1342 1779 1386 Vistilius
1811 1343 1911 1388 Sex.
1943 1343 1970 1387 l.
2001 1343 2128 1387 Felix

406 1408 474 1451 VI
504 1411 664 1464 29051,
716 1410 817 1453 Sex.
860 1409 1060 1453 Vistilius
1102 1410 1204 1455 Sex.
1246 1410 1273 1454 l.
1315 1411 1433 1454 Zeno
1475 1411 1544 1454 VI
1574 1414 1742 1463 29052,
1788 1412 1889 1457 SeX.
1929 1411 2127 1456 Vistilius

407 1476 630 1533 *Lylysus
659 1477 709 1519 X
736 1480 833 1529 628,
867 1478 967 1523 Sex.
996 1478 1205 1522 Vestilius
1236 1479 1278 1521 D
1298 1513 1307 1522 .
1327 1513 1336 1522 .
1354 1513 1364 1523 .
1382 1513 1392 1523 .
1426 1479 1552 1523 XIV
1567 1482 1687 1524 1751.

318 1547 401 1588 490
431 1552 660 1601 VISTILIA,
691 1547 908 1602 praetoria
937 1546 1103 1589 familia
1131 1548 1279 1602 genita
1310 1548 1511 1603 (fortasse
1539 1548 1636 1604 filia
1665 1549 1754 1592 eius
1779 1549 1853 1603 qni
1873 1548 2124 1604 praeeedit),

404 1614 573 1656 Titedio
604 1614 798 1661 Labeoni
830 1621 986 1672 nupta,
1030 1631 1127 1658 cum
1158 1631 1195 1659 a.
1227 1632 1269 1673 p.
1297 1616 1400 1660 Chr.
1432 1618 1482 1659 19
1513 1617 1776 1660 lenocinium
1815 1617 1930 1675 apud
1965 1617 2126 1661 aediles

406 1683 599 1739 professa
630 1690 752 1738 esset,
786 1684 829 1725 in
862 1684 1049 1726 insulam
1081 1685 1295 1741 Seriphon
1326 1685 1527 1741 ablegata
1559 1686 1659 1731 Tae.
1692 1701 1732 1730 α.
1762 1690 1804 1742 2,
1835 1687 1901 1730 85,

318 1751 397 1793 491
430 1757 649 1794 VISTILIA
680 1752 744 1806 (in
772 1753 986 1796 nonnullis
1017 1754 1229 1796 codicibus
1250 1753 1462 1810 vestilia),
1499 1754 1625 1798 ‘Gliti
1654 1770 1705 1798 ac
1734 1761 1885 1813 postea
1914 1755 2127 1811 Pomponi

403 1826 532 1875 atque
571 1820 697 1863 Orfiti
737 1817 1072 1864 clarissimorum
1117 1823 1279 1864 civium
1319 1824 1510 1865 coniunx
1549 1838 1605 1865 ex
1642 1823 1708 1865 his
1739 1829 1943 1880 quattuor
1976 1829 2126 1880 partus

405 1889 552 1943 enixa,
596 1890 776 1945 septimo
817 1905 988 1946 semper
1025 1905 1192 1946 mense,
1242 1892 1394 1946 genuit
1432 1891 1634 1934 Suillium
1679 1891 1842 1934 Rufum
1883 1891 2123 1946 undecimo,

404 1956 692 1999 Corbulonem
713 1959 905 2014 septimo,
930 1966 1081 2015 postea
1096 1958 1352 2002 Caesoniam
1369 1961 1452 2004 Gai
1473 1961 1684 2017 principis
1706 1961 1932 2016 coniugem
1954 1965 2121 2002 oetavo'

401 2025 519 2067 Ptin.
555 2025 595 2068 h.
626 2040 667 2068 n.
704 2030 740 2077 7,
771 2030 837 2069 39.
898 2027 984 2070 Sex
1017 2028 1146 2082 igitur
1178 2029 1347 2071 maritis
1384 2032 1599 2083 nupserat,
1642 2029 1793 2084 septies
1830 2031 1967 2071 mater
2005 2029 2126 2082 faeta

402 2096 472 2135 est.
532 2094 738 2137 Fortasse
766 2109 888 2138 soror
918 2097 1007 2138 eins
1035 2110 1142 2150 qnae
1162 2097 1397 2151 praeeedit.

316 2161 398 2203 492
427 2161 683 2214 Vitalianus,
717 2164 961 2219 praefectus
989 2167 1204 2221 praetorio
1227 2165 1476 2208 Maximini:
1508 2181 1606 2208 eum
1629 2166 1877 2210 Gordianus
1906 2166 2035 2208 misso
2067 2180 2124 2207 ex

400 2229 550 2272 Africa
571 2238 798 2287 quaestore
828 2234 1078 2288 provinciae
1110 2249 1208 2276 oum
1238 2234 1447 2276 militibus
1468 2249 1546 2291 per
1569 2234 1715 2277 dolum
1742 2234 1916 2277 sustulit
1939 2234 1997 2290 (a.
2019 2234 2122 2289 238)

400 2298 557 2343 Herod.
581 2302 618 2350 7,
641 2303 679 2350 6,
701 2304 728 2342 4
749 2314 855 2355 seq.;
883 2305 922 2352 8,
946 2306 971 2344 6
982 2316 995 2354 ;
1023 2303 1095 2345 vit.
1124 2302 1258 2346 Gord.
1277 2307 1344 2346 10.

330 2390 386 2395 —
429 2366 637 2423 Fl[avius]
670 2368 933 2423 V[i]talinus.

329 2459 385 2464 —
429 2435 488 2477 M.
520 2435 670 2478 Aelius
701 2437 871 2480 Vitalis.

328 2527 385 2532 —-
428 2504 487 2546 M.
520 2504 760 2560 Aure(lius)
792 2506 963 2551 Vitalis.

318 2571 446 2614 493l4
477 2573 661 2615 Vitalius
683 2574 846 2629 Victor,
881 2577 993 2618 inter
1023 2576 1190 2619 nobiles
1220 2578 1338 2620 viros
1366 2593 1392 2619 a
1423 2577 1632 2633 Septimio
1655 2576 1817 2619 Severo
1857 2577 2020 2619 occisos
2049 2576 2122 2618 vit.

403 2639 495 2682 sev.
527 2644 591 2691 13,
624 2645 662 2685 1.

330 2732 386 2737 —-
431 2708 490 2750 M.
522 2708 739 2751 Antonius
769 2710 1041 2757 Vitellianus,

328 2801 385 2806 —
427 2776 486 2820 M.
519 2777 781 2833 Pomponius
812 2779 1084 2826 Vitellianus.

328 2868 385 2873 ——
430 2851 471 2887 C.
503 2851 709 2888 SALVIVS
740 2853 1090 2893 VITELLIANVS.

329 2935 386 2941 —
430 2918 475 2953 L.
508 2919 717 2956 SVANIVS
749 2922 931 2958 VICTOR
961 2924 1313 2963 VITELLIANVS.

319 3014 400 3055 495
433 3021 696 3058 VITELLIVS
735 3018 883 3059 consul
916 3020 1050 3074 (suff.)
1082 3035 1180 3063 oum
1212 3021 1374 3064 Severo
1415 3036 1561 3063 mense
1591 3021 1694 3063 Mai.
1727 3022 1855 3077 (anno
1882 3023 1930 3063 ut
1957 3020 2122 3063 videtur

400 3085 492 3132 189,
535 3098 679 3138 nempe
724 3099 818 3127 enni
861 3090 987 3129 natus
1031 3092 1091 3130 est
1129 3089 1260 3140 Geta,
1305 3091 1380 3144 qni
1415 3090 1568 3132 vixisse
1607 3089 1763 3132 dieitur
1801 3102 1934 3131 annos
1972 3088 2121 3133 XXI]

402 3164 558 3193 menses
579 3151 662 3203 IX,
695 3156 735 3195 et
762 3158 951 3197 mortuiis
983 3159 1041 3198 est
1072 3161 1180 3200 certe
1208 3172 1293 3200 non
1324 3162 1419 3200 ante
1443 3172 1570 3201 mens.
1591 3157 1695 3200 Dee.
1720 3172 1760 3200 α.
1781 3161 1880 3208 211,
1913 3158 1965 3212 ef.
1987 3170 2120 3211 supra

399 3218 474 3258 sub
506 3220 557 3260 L.
590 3220 795 3274 Septimio
832 3221 957 3276 Geta)
987 3224 1059 3266 vit
1088 3224 1181 3269 Get
1206 3229 1245 3276 3,
1278 3230 1316 3271 1
1379 3226 1544 3268 Nomen
1581 3226 1763 3280 fortasse
1797 3228 2040 3280 eorruptmn
2069 3239 2120 3268 ex

400 3284 575 3338 Apuleii
600 3288 664 3329 vel
692 3288 871 3331 Atuleni
897 3290 1081 3347 (Rufini)
1110 3294 1289 3344 nomine,
1319 3294 1395 3348 qni
1423 3293 1567 3336 consul
1594 3294 1682 3348 fnit
1710 3308 1802 3370 euin
1830 3294 1882 3338 L.
1914 3293 2119 3348 Septimio

397 3352 571 3406 Severo;
600 3357 656 3409 ef.
685 3369 818 3411 supra
836 3372 886 3412 p.
906 3361 1004 3401 214.
