2242 3672
280 260 528 300 POMPEIVS
1159 248 1214 292 70
1396 229 1399 233 ’
1838 252 2087 290 POMPEIVS

368 391 540 448 scripsit
560 390 725 433 Seneca
751 386 942 429 libellum
975 385 1028 427 de
1058 385 1271 427 brevitate
1301 384 1417 426 vitae
1437 382 1492 435 (1,
1514 385 1570 440 1),
1600 382 1711 426 unde
1729 381 1782 435 (e.
1803 385 1874 441 18)
1905 384 2090 439 efficitur

367 474 458 503 eum
485 459 741 513 praefectum
772 469 965 497 annonae
994 454 1125 508 fuisse
1155 467 1189 496 c.
1222 467 1261 495 a.
1292 455 1360 503 49,
1389 453 1444 506 cf.
1475 451 1523 495 Ο.
1545 451 1805 506 Hirschfeld,
1837 451 2090 509 Philoloyus

366 532 474 570 1870
503 542 551 581 p.
585 529 637 568 95
664 538 745 578 seq.
812 522 932 564 Avus
976 521 1038 564 vel
1074 523 1220 576 potius
1255 524 1385 576 pater
1422 520 1650 575 Pompeiae
1689 519 1903 563 Paulinae
1941 522 2090 565 umoris

367 597 549 639 Senecae
579 593 635 646 (n.
654 592 752 645 508)
781 591 945 632 videtur
972 590 1117 644 fuisse.
1160 590 1211 632 L.
1233 589 1467 646 Pompeius
1497 588 1724 632 Paullinus
1753 590 1892 632 neseio
1919 590 2013 644 quis
2041 591 2090 633 in

366 666 428 706 tit.
447 661 763 710 Mauretaniae,
785 659 996 713 nie'lanyes
1017 657 1321 713 d'archeoloyie
1341 661 1381 700 et
1400 657 1616 700 d'histoire
1635 660 1745 700 1890
1765 672 1814 712 p.
1831 660 1914 700 544
1930 671 1974 702 n.
1989 662 2087 703 112.

278 734 359 775 481
393 736 638 773 POMPEIVS
660 733 791 770 PEDO
815 726 1065 778 consularis,
1097 726 1270 770 Claudii
1295 726 1472 781 amicus,
1505 725 1560 768 ab
1581 741 1630 768 eo
1653 725 1905 769 interfectus
1926 726 2089 770 Seneca

364 800 447 843 lud.
469 802 534 849 13,
555 800 582 840 5
592 811 605 849 ,·
634 800 698 847 14,
719 799 763 840 2.

277 870 360 911 482
390 871 635 909 POMPEIVS
676 869 872 906 PENNVS
913 863 1172 919 consularis,
1214 863 1284 906 cui
1325 863 1462 907 Graius
1504 863 1637 906 vitam
1677 863 1798 906 dedit
1837 863 2000 907 Seneca
2036 864 2087 908 de

363 936 572 990 beneficiis
591 938 634 986 2,
656 938 726 985 12,
747 938 786 976 1.

276 1006 359 1048 483
389 1005 621 1060 Pompeius
652 1002 808 1045 Planta
838 1002 883 1057 (.
905 1034 915 1045 .
938 1034 949 1044 .
971 1018 1016 1045 ου
1046 1001 1207 1044 Πλάντα
1238 1001 1336 1057 tit),
1376 1007 1633 1058 procurator
1669 1002 1851 1058 (Lyciae
1891 1009 1934 1046 et
1961 1003 2087 1047 Pam-

360 1072 551 1129 phyliae)
582 1072 850 1127 Vespasiano
881 1071 1120 1127 imperante
1153 1070 1216 1112 tit.
1243 1070 1291 1112 in
1320 1069 1491 1113 Pisidia
1518 1084 1606 1125 rep.
1634 1071 1695 1113 Le
1724 1070 2088 1128 Bas-Waddiny-

362 1145 432 1183 ton
461 1143 588 1184 1225.
647 1140 900 1182 Praefectus
929 1139 1120 1195 Aegypti
1150 1154 1188 1181 a.
1221 1139 1296 1194 98,
1330 1139 1507 1181 Traiani
1535 1140 1699 1182 amicus
1730 1139 1847 1184 Plin.
1878 1140 1937 1184 ad
1969 1141 2087 1185 Trai.

362 1213 399 1252 7.
421 1213 487 1252 10.
547 1209 730 1265 Scripsit
768 1208 822 1251 de
853 1207 1017 1250 Vitellii
1047 1206 1158 1250 bello
1190 1222 1289 1250 cum
1319 1206 1490 1250 Othone
1520 1214 1641 1263 gesto
1671 1208 1798 1251 schol.
1829 1209 1922 1252 Iuv.
1952 1213 1997 1262 2,
2018 1213 2086 1254 99.

359 1279 577 1320 Maximus
616 1284 660 1319 et
697 1291 775 1334 pro
812 1291 857 1318 se
896 1282 939 1318 et
977 1277 1021 1318 in
1052 1276 1249 1319 Plantam
1291 1275 1424 1319 libros
1455 1277 1714 1332 composuit,
1757 1292 1866 1334 quos
1906 1277 2088 1322 Plantae

359 1353 495 1388 morte
525 1346 673 1388 audita
702 1352 751 1387 ut
780 1345 938 1400 ederet,
970 1345 1138 1387 monuit
1168 1344 1335 1387 Plinius
1365 1343 1488 1401 epssst,
1511 1348 1549 1387 1.

275 1417 359 1459 484
388 1415 618 1472 Pompeius
649 1414 897 1469 Proc(u)lus
929 1414 1215 1470 epistrategus
1246 1413 1519 1469 (Thebaidis)
1555 1429 1592 1456 a.
1626 1415 1708 1457 103
1738 1415 1802 1460 tit.
1831 1414 1958 1471 Copti
1982 1430 2087 1473 rep„

357 1498 479 1527 revue
510 1483 827 1538 arche'oloyique
855 1484 965 1525 1883
993 1483 1055 1525 II
1067 1497 1116 1536 p.
1138 1485 1232 1524 176.
1290 1482 1497 1525 Fortasse
1526 1482 1634 1525 idem
1662 1483 1736 1537 qui
1762 1484 1962 1539 sequitur.

273 1554 356 1596 485
389 1553 467 1596 On.
490 1552 722 1608 Pompeius
751 1550 1015 1608 [P]roculus‚
1048 1550 1343 1608 [pr]ocurator
1363 1551 1491 1594 Ponti
1515 1557 1557 1593 et
1586 1550 1858 1608 [BitJhyniae
1880 1553 1948 1596 VI
1959 1557 2086 1598 1627.

357 1622 562 1665 Fortasse
590 1620 701 1663 idern
729 1621 803 1675 qui
822 1620 1056 1676 praeeedit.

273 1692 357 1734 486
387 1692 439 1734 Τ.
462 1690 732 1747 Pomp(e)ius
758 1688 1019 1745 [P]roculus‚
1054 1689 1346 1745 (procurator)
1373 1703 1452 1745 pro
1472 1687 1653 1745 leg(ato)
1676 1689 1941 1747 (Sardiniae)
1971 1706 2010 1736 a.
2033 1691 2087 1735 13

358 1775 399 1816 p.
423 1758 524 1801 Chr.
554 1758 768 1801 miliarias
800 1758 979 1809 Sardus,
1012 1758 1103 1813 eph.
1136 1759 1267 1813 epiyr.
1287 1760 1328 1809 8,
1352 1761 1447 1801 742.

273 1829 354 1871 487
387 1828 617 1885 Pompeius
647 1828 946 1884 Propinquus,
988 1833 1244 1883 procurator
1273 1825 1498 1882 Belgicae,
1539 1842 1566 1869 a
1598 1789 1806 1871 militibus
1835 1827 2087 1872 interfectus

358 1912 396 1939 a.
418 1897 472 1939 69
501 1898 677 1939 ineunte
712 1897 812 1939 Tac.
833 1896 931 1938 hist.
955 1899 992 1947 1,
1015 1898 1070 1939 58
1100 1896 1155 1950 cf.
1176 1899 1215 1947 1,
1237 1898 1306 1939 12.

271 1966 355 2008 488
386 1966 616 2021 Pompeius
648 1964 932 2020 Quintianus,
965 1963 1119 2007 Coloni
1157 1965 1343 2019 amicus,
1387 1970 1582 2007 mortuus
1613 1964 1730 2010 Plin.
1762 1980 1824 2020 ep.
1854 1969 1895 2018 9,
1917 1969 1957 2009 9.
2015 1967 2090 2010 Ex

357 2034 445 2076 eius
463 2034 648 2088 posteris
669 2037 811 2088 potest
839 2034 973 2087 fuisse
1004 2032 1213 2076 Claudius
1243 2033 1534 2090 Pompeianus
1564 2033 1838 2086 Quintianus,

285 2127 342 2133 -
386 2103 545 2158 Rufus,
587 2103 765 2159 Pompei
808 2102 922 2144 filius
934 2101 1005 2157 (5³),
1049 2101 1211 2145 Seneca
1241 2101 1325 2144 lud.
1357 2104 1422 2153 13,
1453 2104 1481 2144 5
1508 2102 1602 2144 vide
1633 2102 1894 2160 Pompilium
1924 2103 2088 2148 Rufum

358 2170 415 2223 (n.
440 2174 550 2227 510).

272 2240 355 2282 489
386 2246 632 2281 POMPEIVS
682 2245 999 2282 RVSONIANVS
1051 2238 1200 2281 consul
1249 2239 1475 2294 (suffectus
1522 2255 1560 2284 a.
1610 2240 1726 2295 inc.),
1778 2241 1841 2283 tit.
1889 2240 2086 2285 Gabinus

358 2308 437 2350 XI
443 2308 483 2351 V
494 2312 620 2352 2790.
671 2308 1001 2361 Quindecimvir
1022 2309 1154 2350 sacris
1180 2307 1396 2350 faciundis
1426 2323 1464 2351 a.
1485 2310 1569 2351 204
1596 2311 1694 2351 aeta
1724 2308 1919 2352 ludorum
1942 2323 2087 2353 saecu-

360 2377 515 2419 larium
544 2378 813 2431 septimorum
843 2377 933 2431 eph.
963 2377 1093 2432 epiyr.
1123 2379 1152 2418 8
1182 2391 1231 2431 p.
1252 2379 1355 2421 282.
1385 2379 1484 2420 284.
1516 2379 1614 2421 286.
1645 2380 1755 2429 290;
1794 2378 1858 2420 tit.
1889 2379 1960 2421 cit.
2017 2377 2090 2433 Cf.v

358 2445 517 2487 Iulium
547 2446 802 2502 Pompeium
832 2446 1139 2490 Rusonianum.

288 2538 346 2543 -—
389 2520 554 2556 IVLIVS
586 2520 835 2556 POMPEIVS
865 2520 1216 2557 RVSONIANVS.·

276 2583 360 2624 490
390 2583 620 2639 Pompeius
653 2583 851 2637 Sabinus,
880 2583 1242 2625 medicamentum
1271 2583 1362 2625 eius
1393 2583 1463 2638 (L.
1486 2582 1661 2637 Fulvio)
1691 2583 1893 2626 Aburnio
1914 2582 2088 2626 Valenti
2138 2617 2142 2620 .

360 2657 661 2707 praeparatum
689 2650 828 2692 Galen
848 2654 912 2701 13,
935 2654 1064 2694 1022.
1095 2655 1212 2695 1027
1241 2651 1388 2694 Kahn.

277 2720 357 2762 491
391 2720 622 2774 Pompeius
654 2719 935 2773 Saturninus,
969 2719 1095 2762 homo
1130 2720 1361 2776 litteratus,
1394 2735 1420 2763 a
1450 2720 1590 2763 Plinio
1622 2719 1822 2763 laudatus
1853 2726 1897 2763 et
1926 2720 2087 2763 Erucio

365 2786 491 2829 Claro
522 2787 845 2829 commendatus
867 2787 986 2829 Plin.
1009 2802 1071 2842 ep.
1102 2792 1141 2839 1,
1163 2792 1228 2831 16.
1271 2788 1454 2846 Scripsit
1482 2789 1538 2831 ad
1569 2804 1667 2832 eum
1697 2789 1864 2832 Plinius
1893 2803 1956 2844 ep.
1977 2792 2016 2841 1,
2037 2791 2089 2842 8,·

363 2858 400 2906 5,
432 2858 488 2898 21
520 2854 611 2906 (ubi
640 2855 767 2897 eodem
795 2854 1232 2899 Ashburnhamensis:
1271 2857 1477 2915 Pompeio
1518 2857 1785 2914 Saturnino).
1850 2857 2001 2909 Alius,
2040 2860 2090 2900 ut

363 2923 539 2974 videtur,
577 2923 838 2966 Saturninus
868 2922 985 2965 Plin.
1019 2939 1080 2978 ep.
1111 2928 1149 2976 5,
1183 2929 1211 2967 7
1219 2939 1233 2978 ,·
1262 2930 1300 2978 7,
1330 2930 1368 2969 7.
1401 2929 1442 2969 8.
1465 2929 1540 2978 15;
1569 2929 1608 2978 9,
1638 2928 1706 2969 38.
1763 2926 1844 2969 Vix
1881 2925 1990 2969 idem
2027 2929 2090 2969 est

365 3024 376 3034 .
395 3025 405 3035 .
425 3024 435 3035 .
453 3024 462 3034 .
480 3007 508 3048 p
526 3024 535 3034 .
555 3024 563 3034 .
582 3024 592 3034 .
626 2991 830 3037 Saturni.
848 3025 858 3034 .
890 2992 1039 3034 consul
1079 2994 1283 3037 suffectus
1322 3010 1359 3038 a.
1396 2996 1476 3038 103
1507 2994 1576 3038 VI
1596 2997 1723 3046 2018,
1764 2994 1812 3037 id
1842 2993 1955 3049 quod
1991 3007 2087 3037 con-

357 3060 455 3102 iecit
482 3059 656 3102 Asbach
686 3060 882 3102 analecta
910 3059 1007 3102 hist.
1039 3064 1078 3102 et
1106 3063 1234 3116 epiyr.
1268 3063 1340 3108 lat.
1363 3078 1411 3118 p.
1432 3067 1503 3107 29.

278 3128 362 3170 492
393 3135 436 3179 Q.
474 3134 721 3170 POMPEIVS
764 3134 978 3170 SENECIO
1018 3135 1223 3172 ROSCIVS
1261 3138 1476 3174 MVRENA
1517 3137 1728 3174 COELIVS
1770 3137 1878 3174 SEX.
1919 3137 2085 3174 IVLIVS

360 3201 643 3237 FRONTINVS
675 3202 833 3238 SILIVS
864 3202 1116 3238 DEOIANVS
1150 3205 1191 3241 C.
1223 3206 1387 3241 IVLIVS
1422 3206 1685 3242 EVRYGLES
1715 3204 2084 3242 HERCVLANEVS

365 3269 408 3304 L.
454 3269 718 3305 VIBVLLIVS
769 3270 877 3305 PIVS
918 3271 1245 3308 AVGVSTANVS
1291 3274 1506 3310 ALPINVS
1552 3274 1817 3310 RELLIGIVS
1862 3273 2084 3310 SOLLERS

364 3336 528 3373 IVLIVS
559 3337 693 3373 APER
731 3337 980 3374 DVCENIVS
1021 3340 1274 3378 PROCVLVS
1317 3342 1620 3382 RVTILIANVS
1659 3341 1874 3379 RVFINVS
1920 3342 2080 3379 SILIVS
