2242 3672
153 257 367 296 TVLLIVS
1019 256 1104 300 339
1757 264 1971 301 TVLLIVS

237 392 384 448 peium
414 406 459 434 se
490 391 658 435 confert
688 392 746 435 ad
774 393 879 446 fam.
911 397 977 445 14,
1011 397 1049 445 7,
1078 397 1117 439 3.
1178 393 1300 436 Bello
1333 393 1451 437 civili
1480 394 1716 451 Pompeius
1748 410 1847 438 eum
1878 394 1973 438 alae

238 459 363 503 alteri
406 460 672 516 (vocabulum
713 464 788 503 aut
827 466 1073 517 eormcptuan
1111 466 1187 505 aut
1225 462 1475 511 insiticium)
1516 463 1727 520 praefecit
1766 463 1816 507 de
1858 464 1971 520 offic.

237 531 281 579 2,
315 532 378 584 13,
410 532 476 572 45.
535 529 589 572 A.
620 530 702 572 707
735 536 858 586 pater
887 531 1111 573 Brundisii
1143 546 1414 574 commorans
1445 532 1490 574 in
1518 533 1660 574 animo
1691 532 1844 574 habuit
1874 547 1973 574 eum

239 597 417 641 Caesari
450 599 623 641 obviam
654 600 838 654 mittere,
873 599 948 642 sed
980 600 1147 643 destitit
1175 600 1234 643 ad
1252 601 1343 643 Att.
1368 604 1431 652 11,
1454 605 1520 652 17,
1542 605 1591 653 1,·
1621 603 1688 652 18,
1712 606 1748 652 1,
1782 601 1841 644 ad
1864 602 1970 656 fam.

238 670 303 718 14,
326 671 404 720 11,·
424 670 489 712 15.
532 668 585 711 Α.
611 668 693 711 708
725 668 878 710 aedilis
899 668 1058 726 Arpini
1090 685 1190 712 cum
1213 669 1266 723 Q.
1288 669 1424 712 fratre
1454 669 1650 727 patruele
1671 677 1713 712 et
1735 670 1795 712 M.
1817 669 1972 713 Caesio

238 735 298 778 ad
314 736 419 790 fam.
441 738 508 787 13,
530 739 598 787 11,
620 739 658 778 3.
704 735 834 779 Circa
854 736 961 780 haec
982 743 1031 780 ut
1048 737 1223 781 videtur
1248 745 1443 795 tempora
1464 737 1535 793 (ef.
1557 738 1790 782 Drumann
1808 743 1846 788 6,
1869 739 1972 794 293)

236 819 263 846 a
302 811 425 861 patre
463 804 602 847 verba
643 804 808 847 faciens
848 806 1070 849 inducitur
1110 807 1155 848 in
1196 806 1367 862 dialogo
1408 807 1462 850 de
1502 809 1737 864 partitione
1783 809 1974 850 oratoria

237 872 322 919 Cie.
355 877 476 929 part.
509 889 570 917 or.
602 878 641 925 1,
675 878 701 916 1
732 888 814 928 309.
886 874 939 917 A.
973 875 1056 918 709
1096 876 1141 917 in
1182 877 1325 918 animo
1365 876 1520 919 habuit
1557 877 1612 919 ad
1656 876 1887 920 Caesarem
1927 878 1972 919 in

236 942 495 999 Hispaniam
517 957 564 984 se
590 942 788 985 conferre
811 943 870 986 ad
886 943 979 988 Att.
1001 947 1071 995 12,
1097 948 1133 995 7,
1156 948 1196 987 1.
1247 944 1442 987 Athenas
1465 961 1510 987 se
1531 945 1699 988 confert
1729 945 1972 988 studiorum

234 1025 367 1053 causa
393 1010 452 1053 ad
471 1010 565 1054 Att.
586 1014 656 1061 12,
678 1014 751 1061 27,
774 1014 830 1062 2;
855 1014 925 1062 32,
948 1016 991 1062 2,
1025 1012 1083 1054 ad
1111 1013 1217 1066 fam.
1249 1016 1315 1064 16,
1337 1015 1407 1064 21,
1441 1013 1491 1055 de
1521 1012 1592 1066 off.
1616 1018 1654 1065 1,
1676 1017 1715 1064 1,
1738 1018 1764 1057 1
1795 1014 1851 1056 al.
1900 1013 1971 1056 Ad

235 1093 334 1122 eum
363 1079 552 1122 Athenis
584 1086 825 1121 morantem
859 1086 984 1137 pater
1016 1080 1139 1123 dedit
1173 1081 1307 1123 libros
1344 1081 1398 1124 de
1433 1081 1585 1124 officiis
1617 1082 1666 1124 de
1696 1081 1766 1134 off.
1801 1086 1839 1133 1,
1873 1086 1911 1133 1,
1947 1086 1972 1124 1

234 1149 288 1203 ef.
322 1148 381 1191 ad
408 1148 500 1191 Att.
527 1151 592 1199 15,
620 1151 685 1199 13,
714 1151 740 1191 6
748 1162 763 1201 ,·
793 1152 858 1199 16,
892 1152 958 1200 11,
989 1153 1028 1193 4.
1092 1150 1296 1192 Exeunte
1326 1165 1364 1193 a.
1394 1151 1477 1193 710
1509 1150 1580 1192 vel
1613 1152 1790 1194 ineunte
1822 1167 1860 1194 a.
1888 1151 1967 1194 711

234 1216 397 1260 relictis
414 1217 599 1260 Athenis
615 1218 802 1260 Brutum
824 1225 999 1260 secutus
1021 1225 1085 1261 est
1099 1218 1217 1262 Plut.
1237 1218 1325 1261 Cic.
1341 1222 1407 1270 45,
1430 1219 1558 1262 Brut.
1580 1223 1650 1270 24,
1670 1219 1862 1275 Appian.
1880 1221 1918 1263 b.
1937 1234 1970 1262 0.

232 1289 273 1338 4,
294 1288 347 1329 51
378 1286 423 1341 (a
452 1294 577 1344 patre
601 1288 759 1329 missus
781 1288 824 1329 in
848 1288 1080 1331 Graeciam
1101 1288 1158 1331 ad
1179 1288 1365 1330 Brutum
1386 1289 1502 1344 App.
1525 1293 1564 1340 4,
1585 1293 1646 1333 20
1668 1290 1723 1343 ef.
1744 1291 1809 1340 51,
1831 1290 1972 1332 minus

234 1358 464 1413 accurate).
526 1356 691 1399 Brutus
734 1356 826 1398 eius
869 1371 1000 1413 opera
1040 1356 1155 1399 bello
1200 1357 1319 1399 civili
1349 1373 1478 1414 saepe
1508 1373 1612 1400 usus
1644 1365 1708 1401 est
1738 1357 1823 1401 (hc.
1855 1358 1970 1402 Phil.

232 1428 300 1477 10,
323 1429 362 1477 6,
384 1428 451 1476 13,
485 1426 544 1468 ad
571 1426 677 1480 fam.
698 1427 768 1476 12,
792 1429 858 1476 14,
880 1428 920 1477 8,
953 1440 1015 1480 ep.
1040 1425 1099 1468 ad
1117 1425 1246 1469 Brut.
1267 1430 1305 1478 1,
1329 1430 1368 1478 4,
1390 1430 1440 1479 6;
1470 1431 1508 1478 6,
1533 1431 1571 1478 1,
1605 1427 1724 1470 Plut.
1747 1428 1874 1470 Brut.
1896 1431 1967 1479 26,

234 1493 324 1538 Cic.
343 1497 410 1546 45,
441 1494 556 1549 App.
581 1495 618 1538 b.
642 1508 675 1539 0.
696 1498 736 1545 4,
758 1497 825 1537 51.
876 1495 939 1538 Ut
958 1495 1002 1536 in
1026 1494 1257 1550 collegium
1278 1496 1532 1552 pontificum
1553 1494 1709 1538 absens
1730 1502 1968 1552 cooptetur,

231 1569 358 1621 pater
387 1563 607 1606 desiderat
633 1562 720 1608 Cic.
754 1578 816 1618 ep.
849 1563 908 1606 ad
935 1563 1063 1606 Brut.
1095 1568 1134 1615 1,
1164 1566 1204 1615 5,
1235 1567 1275 1608 3.
1344 1565 1621 1621 Proscriptus
1662 1580 1688 1607 a
1727 1566 1969 1608 triumviris

230 1632 424 1688 Appian.
443 1633 480 1675 b.
500 1646 534 1675 0.
550 1636 589 1684 4,
606 1635 673 1677 19.
690 1635 764 1676 20.
796 1633 902 1675 Post
923 1647 1114 1689 pugnam
1132 1632 1458 1690 Philippensem
1480 1634 1669 1690 primum
1690 1634 1745 1676 ad
1768 1634 1969 1678 Cassium

231 1702 512 1745 Parmensem
543 1717 589 1744 se
620 1701 816 1755 contulit,
850 1701 1009 1744 deinde
1040 1702 1095 1745 ad
1128 1702 1232 1746 Sex.
1264 1702 1519 1760 Pompeium
1552 1704 1596 1744 in
1629 1703 1823 1746 Siciliam
1853 1703 1968 1758 App.

232 1772 271 1814 b.
294 1785 328 1814 0.
347 1773 387 1823 5,
409 1775 442 1815 2
450 1784 464 1823 ;
492 1774 531 1821 4,
553 1773 620 1814 51.
660 1771 820 1813 Postea
840 1770 961 1826 (post
979 1784 1129 1825 pacem
1151 1771 1316 1813 Miseni
1334 1771 1510 1825 factam,
1542 1771 1606 1814 vel
1627 1772 1754 1814 etiam
1777 1771 1922 1827 antea)
1944 1787 1970 1813 a

231 1840 430 1895 Caesare,
462 1846 510 1882 ut
531 1840 585 1882 de
606 1840 742 1896 patris
764 1854 869 1882 nece
892 1854 938 1881 se
958 1847 1179 1896 purgaret,
1206 1841 1252 1882 in
1276 1841 1463 1895 gratiam
1486 1846 1701 1896 receptus,
1735 1847 1778 1882 et
1808 1841 1853 1882 in
1882 1840 1966 1882 col-

231 1909 392 1965 legium
413 1909 590 1966 aliquod
612 1909 878 1952 sacerdotale
906 1916 1132 1964 cooptatus
1153 1909 1269 1965 App.
1293 1910 1330 1952 b.
1354 1924 1388 1952 0.
1410 1913 1449 1961 4,
1470 1912 1535 1960 51,
1561 1924 1639 1951 nec
1660 1909 1796 1952 multo
1817 1916 1969 1967 postea

229 1978 380 2022 consul
400 1978 542 2021 factus
563 1979 636 2028 ib.,
660 1977 811 2020 consul
830 1975 974 2021 factus
996 1978 1050 2020 ob
1071 1980 1322 2021 memoriam
1343 1979 1480 2035 patris
1504 1978 1603 2021 Sen.
1627 1978 1761 2033 benef.
1779 1983 1818 2030 4,
1835 1982 1902 2030 30,
1921 1983 1964 2023 2.

229 2047 392 2092 Consul
423 2047 518 2091 suff.
551 2062 590 2089 a.
619 2047 703 2090 724
733 2047 839 2101 fasti
857 2046 1123 2090 Amiternini
1143 2046 1282 2099 (CIL.
1309 2048 1344 2090 I
1367 2047 1428 2091 ed.
1451 2050 1484 2090 2
1505 2061 1552 2101 p.
1575 2046 1658 2101 61),
1689 2047 1799 2100 fasti
1831 2047 1967 2090 Venu-

227 2117 315 2160 sini
343 2115 416 2169 (ib.
438 2131 487 2171 p.
510 2116 592 2171 66),
624 2115 768 2158 idibus
791 2115 1121 2173 Septembribus
1141 2115 1256 2159 Ptin.
1279 2116 1319 2158 h.
1339 2130 1380 2158 n.
1403 2119 1479 2166 22,
1503 2118 1568 2166 13,
1591 2130 1648 2157 ex
1670 2115 1727 2158 id.
1757 2116 1876 2172 Sept.
1910 2116 1966 2158 ad

229 2185 318 2228 kal.
347 2186 460 2228 Nov.
492 2185 601 2239 fasti
630 2184 844 2236 Venusini,
878 2185 1044 2240 collega
1065 2184 1253 2227 Caesare
1285 2185 1394 2238 (1111
1424 2183 1620 2239 consule)
1643 2184 1760 2228 Plut.
1790 2184 1876 2228 Cic.
1898 2188 1966 2227 49.

229 2255 294 2298 Eo
317 2254 493 2296 consule
515 2254 692 2296 nuntius
714 2254 767 2295 de
788 2255 967 2296 interitu
991 2253 1168 2296 Antonii
1192 2253 1375 2295 Romam
1397 2252 1567 2295 adlatus
1600 2259 1664 2295 est
1685 2253 1774 2296 Dio
1794 2256 1860 2304 51,
1888 2257 1968 2306 19,-

229 2322 381 2366 consul
396 2322 564 2365 litteras
582 2322 784 2366 Caesaris
801 2323 855 2365 de
875 2322 998 2365 clade
1014 2321 1194 2365 Antonii
1217 2322 1333 2379 apud
1350 2321 1528 2364 Actium
1545 2321 1712 2376 (potius
1729 2321 1777 2363 de
1792 2323 1967 2365 interitu

229 2392 427 2448 Antonii)
471 2406 549 2448 pro
591 2393 742 2434 rostris
782 2392 984 2434 recitavit
1012 2391 1127 2446 App.
1161 2391 1197 2433 b.
1230 2404 1264 2433 0.
1295 2394 1334 2441 4,
1365 2392 1419 2433 51
1430 2403 1443 2442 ;
1484 2404 1532 2432 eo
1575 2390 1751 2432 consule
1791 2397 1966 2433 senatus

229 2461 410 2505 Antonii
442 2462 695 2503 memoriam
727 2461 954 2503 damnavit
984 2460 1101 2503 Plut.
1133 2460 1219 2503 Cic.
1251 2463 1320 2502 49.
1372 2459 1612 2502 Proconsul
1641 2458 1774 2502 Asiae
1805 2459 1967 2503 Seneca

227 2544 341 2573 suas.
364 2533 402 2581 7,
424 2533 490 2573 13.
532 2529 740 2573 Fortasse
769 2530 849 2573 hue
872 2531 1062 2585 pertinet
1088 2543 1283 2572 nummus
1305 2529 1558 2583 Maynetum
1580 2543 1608 2570 a
1629 2528 1791 2583 Sipylo,
1816 2529 1865 2572 de
1885 2543 1965 2583 quo

227 2602 400 2654 eyerunt
416 2598 578 2642 Eckhel
597 2601 636 2649 5,
657 2602 745 2642 327
762 2613 843 2653 309.
874 2599 964 2654 (qui
981 2599 1209 2642 dubitabat
1230 2612 1287 2640 an
1307 2598 1508 2652 antiquus
1539 2597 1672 2652 033019,
1705 2597 1966 2652 Boryhesius

231 2682 324 2723 opp.
346 2672 384 2719 1,
408 2683 457 2723 p.
478 2671 560 2710 170
581 2681 677 2722 seq„
705 2667 994 2723 Waddinyton
1013 2681 1137 2710 revue
1156 2667 1351 2709 numism.
1372 2669 1485 2709 1867
1492 2681 1540 2721 p.
1558 2669 1638 2708 116
1656 2679 1736 2720 seq.
1760 2667 1814 2720 ef.
1838 2667 1966 2708 etiam

227 2736 457 2780 Bernoulli
474 2736 621 2779 Roem.
643 2737 678 2779 I
678 2736 967 2791 konoyraphie
988 2737 1022 2779 I
1035 2751 1082 2791 p.
1110 2740 1205 2786 134,
1237 2736 1283 2777 in
1307 2749 1387 2789 quo
1409 2734 1574 2792 Μάρκος
1595 2734 1761 2781 Τύλλιος
1783 2733 1963 2792 Κικέρων

232 2806 493 2860 adscriptum
525 2808 586 2847 est
617 2805 675 2847 ad
702 2806 930 2860 imayinem
945 2839 955 2856 ,
992 2819 1120 2859 quam
1158 2805 1296 2860 ipsius
1334 2817 1420 2846 esse
1451 2804 1629 2846 coniecit
1663 2803 1963 2858 Waddinyton,

225 2874 414 2930 Auyusti
443 2874 618 2928 putavit
656 2873 939 2928 Boryhesius,
979 2873 1198 2916 Ciceronis
1238 2873 1425 2916 oratoris
1459 2873 1686 2927 imayiriem
1717 2885 1803 2914 esse
1832 2875 1965 2927 puta-

225 2947 374 2986 verunt
398 2942 524 2984 multi
550 2942 652 2997 (hue
674 2943 802 2984 etiam
824 2942 1061 2985 Mommsen
1082 2942 1229 2986 Herm.
1251 2945 1289 2996 3,
1307 2945 1393 2985 269
1414 2940 1623 2996 inclinat).
1665 2940 1965 2983 Proconsulem

226 3012 359 3067 fuisse
390 3011 545 3067 paullo
571 3014 675 3065 post
704 3025 863 3053 annum
895 3014 978 3054 724
1000 3015 1132 3066 putat
1161 3011 1449 3066 Waddinyton
1478 3010 1612 3064 fastes
1643 3009 1713 3051 des
1743 3010 1966 3062 provinces

227 3082 459 3135 asiatiques
492 3094 535 3123 n.
566 3083 631 3123 53.
694 3079 890 3135 (Nummi
933 3080 1390 3135 Trimenothyrensium
1432 3080 1477 3121 in
1519 3078 1687 3133 Mysia,
1727 3078 1774 3120 in
1814 3078 1964 3132 quibus

227 3149 381 3204 leyitur
410 3150 472 3192 ἐπὶ
502 3148 558 3192 Μ.
591 3148 785 3201 Τυλλίου,
823 3163 893 3204 ap.
927 3149 1126 3192 Mionnet
1155 3148 1236 3191 IV
1256 3151 1348 3199 148,
1381 3150 1465 3190 838
1493 3147 1721 3200 meliusque
1749 3146 1887 3201 suppl.
1920 3146 1963 3188 V

222 3233 270 3273 p.
298 3220 380 3261 459
409 3232 450 3261 n.
484 3220 607 3261 1259.
639 3221 773 3269 1261,
815 3232 901 3261 non
939 3217 1020 3260 hue
1051 3218 1292 3273 pertinent,
1334 3217 1487 3271 quippe
1526 3215 1657 3258 multo
1690 3215 1960 3269 posteriores,

226 3287 280 3342 ef.
301 3286 465 3330 Eekhel
483 3289 523 3337 3,
547 3285 661 3341 120).
714 3286 908 3341 Legatus
935 3286 1089 3343 Syriae
1111 3285 1303 3341 Appian.
1327 3286 1365 3328 b.
1389 3299 1422 3327 0.
1442 3288 1482 3335 4,
1503 3287 1557 3328 51
1588 3283 1654 3339 (de
1676 3286 1858 3337 tempore
1877 3297 1964 3326 non

226 3358 411 3407 constat,
452 3355 507 3409 ef.
547 3354 786 3398 Mommsen
823 3369 934 3398 mon.
964 3354 1126 3410 Aneyr.
1169 3354 1231 3398 ed.
1262 3356 1295 3398 2
1324 3368 1372 3408 p.
1404 3353 1514 3408 165).
1583 3352 1726 3454 Hippo
1768 3351 1964 3394 ebriosus
