2242 3672
256 236 496 274 VOLVSIVS
1117 225 1200 268 486
1811 230 2055 273 ‚VOLVSIVS

336 371 476 422 pater,
502 366 638 407 iudice
660 364 921 407 Mommseno
948 362 1006 404 ael
1027 361 1257 416 Borghesii
1286 376 1376 416 opp.
1398 364 1437 413 3,
1458 364 1552 413 333,
1575 361 1689 406 CIL.
1722 361 1791 405 VI
1804 377 1852 418 p.
1873 365 1994 414 1043,
2015 365 2055 414 4,

338 436 389 478 L.
407 442 449 477 et
465 435 650 487 Quintus
672 439 815 474 noster
836 432 912 486 (sic
925 429 1241 485 perscriptum),
1255 444 1438 486 quorum
1455 432 1669 487 permissu
1684 430 1854 474 Volusii
1875 430 2057 474 alicuius

338 503 525 546 libertini
555 501 642 543 filio
674 499 919 556 sepulcrum
949 498 1113 549 factum
1145 497 1213 541 VI
1227 501 1344 550 7375,
1375 499 1533 542 scilieet
1552 503 1601 542 ut
1624 500 1740 555 filius
1769 501 2058 555 emancipatus

338 573 474 625 faetus
503 571 559 612 sit
578 569 704 624 patri
733 580 901 610 consors
931 567 977 608 in
999 580 1046 608 re
1071 566 1299 620 familiari,
1325 570 1449 621 atque
1469 568 1559 610 eius
1580 568 1668 610 loeo
1687 583 1776 611 rem
1796 569 2058 623 familiarem

340 638 718 687 administraverit,
759 650 860 678 nam
901 635 1027 677 aliter
1066 634 1276 689 explicari
1312 649 1397 678 non
1428 649 1554 691 posse
1583 637 1694 691 quod
1727 637 1907 690 Quintus
1945 637 2060 680 solus

338 714 482 749 noster
513 706 751 761 appellatus
777 705 835 747 sit
874 718 902 746 a
940 703 1090 746 liberto
1119 703 1397 758 (Boryhesius
1427 719 1518 760 opp.
1541 708 1582 756 8,
1604 709 1693 749 229
1723 706 1980 761 eoyitaverat
2009 705 2059 748 de

336 777 386 818 L.
409 779 448 817 et
468 776 514 828 Q.
543 775 724 817 Volusiis
746 773 998 816 Saturninis
1017 772 1258 815 oonsulibus
1283 787 1323 815 a.
1345 775 1403 815 87
1420 777 1460 816 et
1482 777 1552 825 92,
1582 775 1794 828 fratribus
1821 778 1871 817 ut
1897 774 2058 830 voluit).

341 844 473 886 Tribu
514 843 662 885 Velina
700 856 792 885 eum
829 842 984 894 fuisse,
1024 840 1122 882 inde
1155 841 1267 895 quod
1295 841 1437 884 liberti
1466 843 1556 884 eius
1582 846 1632 884 ut
1658 843 1823 885 videtur
1850 856 1978 898 nepos
2008 857 2059 886 ea

337 913 450 953 tribu
479 912 575 965 fuit,
609 911 676 953 VI
696 913 817 952 7376.
849 912 967 960 7377,
996 923 1096 951 nwm
1126 909 1269 963 eolliyi
1298 911 1449 964 possit,
1479 924 1564 953 non
1594 911 1761 966 definio.

422 978 583 1023 Consul
625 978 742 1021 Plin.
784 978 809 1021 l.
852 991 909 1028 e.,
951 977 1042 1019 ord.
1085 992 1123 1020 a.
1155 979 1210 1019 56
1249 992 1343 1019 cum
1387 978 1434 1020 P.
1467 978 1669 1021 Cornelio
1707 979 1909 1036 Scipione
1938 980 2058 1034 fasti.

335 1048 389 1091 A.
412 1049 463 1090 61
497 1061 673 1089 censum
703 1061 781 1102 per
803 1045 966 1089 Gallias
999 1045 1090 1100 egit
1116 1061 1203 1088 una
1234 1060 1331 1088 cum
1364 1046 1515 1089 Sextio
1536 1047 1743 1091 Africano
1769 1054 1812 1090 et
1841 1047 2058 1090 Trebellio

334 1117 526 1158 Maximo
554 1116 651 1158 Tae.
675 1129 713 1159 a.
735 1118 800 1165 14,
822 1117 887 1156 46.
944 1114 1099 1155 Frater
1129 1114 1315 1169 Arvalis,
1349 1114 1489 1158 adfuit
1518 1117 1563 1158 in
1594 1116 1773 1172 collegio
1804 1131 1843 1160 a.
1872 1117 1928 1159 63
1958 1117 2060 1172 (non

333 1188 590 1227 memoratur
633 1184 679 1225 in
723 1184 830 1225 actis
875 1196 1083 1225 annorum
1121 1183 1281 1238 57-60)
1322 1186 1403 1226 aet.
1443 1183 1546 1228 Arv.
1622 1185 1765 1228 Huius
1805 1189 1854 1229 ut
1894 1185 2060 1230 videtur

334 1253 386 1306 Q.
428 1253 596 1295 Volusii
645 1252 791 1306 (uxor)
836 1252 1058 1307 Torquata
1103 1250 1172 1294 VI
1209 1254 1324 1295 7297
1366 1251 1566 1305 (ancillae
1615 1254 1704 1297 eius
1747 1253 2060 1298 contubernalis

334 1322 516 1376 Spendo,
552 1322 636 1372 ib.‚·
674 1321 784 1362 idem
815 1319 988 1376 spendo
1020 1320 1341 1376 Torquatianus
1375 1322 1419 1364 in
1449 1325 1492 1373 t.,
1523 1336 1642 1376 quem
1672 1324 1823 1378 posuit
1849 1337 1962 1367 anno
1989 1325 2057 1375 58,

339 1390 407 1433 VI
430 1393 561 1441 7303,·
591 1390 645 1443 of'.
670 1392 899 1443 praeterea
926 1402 1060 1442 supra
1087 1389 1164 1430 sub
1201 1389 1446 1443 Torquata).
1505 1391 1637 1434 Pater
1675 1393 1765 1435 sine
1804 1391 1934 1435 (lubio
1970 1392 2060 1435 eius

334 1460 406 1513 qui
433 1459 639 1512 sequitur,
680 1458 863 1511 fortasse
896 1457 1023 1499 etiam
1061 1460 1110 1498 ut
1151 1458 1326 1500 coniecit
1359 1458 1631 1514 Boryhesius,
1655 1464 1785 1515 pater
1814 1461 1866 1505 L.
1898 1459 2062 1504 Volusii

334 1527 564 1570 Saturnini
593 1526 775 1568 consulis
806 1540 844 1568 a.
877 1528 944 1575 87,
978 1538 1081 1567 avus
1111 1525 1274 1568 Volusii
1308 1527 1526 1581 Torquati.

418 1596 561 1638 Huius
589 1596 641 1637 ut
665 1595 829 1637 videtur
859 1594 912 1647 Q.
945 1593 1113 1637 Volusii
1146 1594 1370 1637 Saturnini
1402 1611 1554 1639 servus
1595 1596 1664 1640 VI
1686 1600 1811 1641 7289.
1857 1598 1966 1640 Item
1990 1597 2060 1641 hic

335 1665 386 1717 Q.
421 1679 462 1705 n.
495 1664 569 1715 (z
589 1663 778 1716 Quintus
805 1664 968 1716 noster)
1000 1662 1067 1705 VI
1091 1665 1215 1706 7299.
1243 1667 1363 1707 7367.
1393 1667 1515 1707 7369.
1548 1668 1658 1710 7372
1686 1663 1821 1718 (tituli
1843 1679 2059 1709 servorwm

332 1732 490 1787 reperti
526 1732 573 1773 in
612 1733 875 1773 monumento
914 1730 1092 1784 familae
1132 1730 1398 1774 Volusiorum
1432 1733 1491 1775 ad
1521 1733 1635 1775 viam
1664 1733 1885 1788 Appiam),
1915 1733 1970 1788 Q.
2001 1749 2057 1790 n.‚

334 1816 360 1842 a
390 1815 475 1856 quo
507 1799 627 1841 locus
649 1799 774 1840 datus
805 1801 848 1840 in
879 1807 1155 1841 monumento
1177 1798 1364 1843 familiae
1385 1801 1664 1844 Volusiorum
1695 1801 1764 1845 VI
1774 1791 1892 1857 7376,
1925 1801 1980 1856 Q.
2001 1817 2057 1858 n.‚

333 1869 455 1910 cuius
495 1868 707 1923 permissu
747 1867 992 1924 sepulcrum
1029 1867 1194 1909 factum
1219 1868 1271 1910 L.
1303 1868 1473 1911 Volusii
1504 1869 1729 1912 Saturnini
1758 1870 1924 1925 (patris
1953 1869 2059 1925 eius)

334 1936 515 1978 ancillae
547 1936 613 1978 VI
635 1938 792 1979 22811.
853 1935 923 1977 Ab
954 1935 1030 1977 hoe
1065 1939 1113 1977 ut
1141 1936 1305 1978 videtur
1333 1951 1485 1980 nomen
1515 1941 1740 1981 traxerunt
1769 1937 1821 1991 Q.
1851 1937 2058 1981 Volusius

334 2005 530 2047 Alcimus
576 2005 642 2047 VI
664 2008 771 2046 7304
784 2038 794 2054 ,
842 2004 998 2058 aliique
1038 2004 1085 2057 Q.
1129 2003 1291 2047 Volusii
1327 2006 1374 2047 in
1413 2006 1554 2048 eodem
1589 2009 1853 2049 monumento
1892 2007 2057 2062 sepulti,

336 2073 402 2115 VI
427 2076 532 2115 7316
552 2076 626 2114 eet.
659 2073 713 2125 ef.
747 2072 814 2114 VI
828 2087 878 2126 p.
897 2075 1017 2123 1043,
1049 2077 1076 2114 4
1106 2072 1272 2127 (potius
1301 2073 1418 2128 filius
1447 2075 1536 2116 eius
1566 2074 1619 2128 Q.
1651 2089 1708 2127 n.‚
1739 2075 1862 2117 cuius
1892 2089 2056 2132 servus,

333 2143 511 2184 maritus
543 2141 749 2183 Volusiae
780 2140 959 2182 alicuius
992 2141 1059 2183 VI
1081 2144 1195 2184 9326
1203 2154 1217 2193 ,·
1247 2143 1452 2185 incertum
1479 2147 1574 2185 uter
1601 2142 1654 2196 Q.
1687 2158 1742 2198 n.‚
1775 2144 1898 2186 cuius
1927 2144 2056 2199 servi,

334 2211 476 2252 mariti
507 2209 784 2252 Volusiarum
816 2209 883 2252 VI
904 2213 1026 2253 9423.
1059 2213 1196 2261 9424;
1223 2211 1431 2253 incertum
1462 2211 1554 2265 quis
1584 2211 1638 2264 Q.
1664 2210 1892 2267 Volusius,
1933 2213 2058 2255 cuius

333 2293 482 2320 servus
515 2278 581 2320 VI
599 2278 739 2332 9621).
774 2278 928 2320 Neseio
950 2292 1007 2320 an
1028 2279 1082 2320 ab
1106 2279 1183 2320 hoe
1210 2278 1378 2322 Volusio
1399 2280 1564 2323 consule
1584 2281 1747 2334 factum
1767 2288 1947 2330 senatus
1961 2295 2059 2324 con-

333 2347 492 2389 sultum
518 2347 813 2400 Volusianum,
849 2354 895 2388 ut
915 2347 1010 2401 lege
1032 2347 1142 2390 Iulia
1163 2347 1217 2390 de
1238 2349 1283 2389 vi
1305 2349 1477 2404 privata
1498 2356 1748 2391 tenerentur
1769 2350 1843 2406 qui
1873 2349 2059 2406 inprobe

333 2416 535 2457 coiissent
547 2416 591 2456 in
605 2415 789 2457 alienam
804 2415 924 2457 litem
935 2415 1201 2458 Modestinus
1215 2416 1324 2459 libro
1338 2420 1481 2459 octavo
1493 2417 1737 2472 reyularum
1747 2416 1869 2472 (Diy.
1876 2420 1946 2469 48,
1953 2420 1994 2468 7,
2001 2417 2058 2473 6).

250 2485 331 2526 665
364 2491 405 2535 Q.
438 2490 689 2525 vonvslvs
720 2491 1034 2526 SATVRNINVS
1075 2484 1225 2527 consul
1256 2501 1293 2529 a.
1326 2486 1380 2528 92
1412 2485 1502 2530 ord.
1535 2501 1634 2528 eum
1665 2486 1915 2529 Domitiano
1947 2485 2058 2529 XVI

333 2552 458 2604 fasti,
501 2567 556 2593 ex
595 2552 653 2594 id.
694 2553 907 2594 ianuariis
945 2568 1043 2595 cum
1082 2554 1134 2596 L.
1167 2553 1377 2596 Venuleio
1410 2554 1665 2610 Aproniano
1705 2554 1815 2608 fasti
1850 2554 2058 2599 Ostienses

335 2620 430 2674 (XI
435 2620 476 2662 V
486 2620 598 2671 245),
631 2624 711 2662 aot.
742 2621 846 2663 Arv.
878 2622 982 2673 (tria
1011 2623 1187 2664 nomina
1217 2626 1297 2667 aet.
1331 2622 1464 2675 Arv.,·
1505 2623 1573 2665 VI
1584 2626 1681 2667 525.
1712 2625 1850 2678 1984).
1913 2622 2059 2666 Filius

333 2690 423 2730 sine
454 2689 579 2730 dubio
611 2690 699 2730 eius
728 2691 810 2743 qui.
822 2691 1044 2744 praeeedit
1073 2691 1294 2745 (fortasse,
1324 2695 1374 2734 ut
1403 2692 1579 2734 coniecit
1606 2691 1887 2746 Boryhesius,
1919 2692 2059 2746 frater

332 2758 471 2798 minor
489 2758 539 2798 L.
574 2758 735 2799 Volusii
762 2759 944 2801 consulis
975 2774 1088 2802 anno
1116 2763 1201 2816 87).
1246 2760 1451 2803 Fortasse
1480 2760 1548 2802 hie
1568 2759 1772 2803 Volusius
1799 2760 2067 2804 Saturninus

334 2826 467 2867 frater
497 2826 670 2867 Arvalis
708 2842 745 2869 a.
781 2829 861 2870 119
893 2832 973 2871 aet.
1004 2830 1108 2872 Are.
1171 2830 1322 2872 Minus
1353 2829 1642 2884 probabiliter
1673 2829 1932 2884 Boryhesius
1961 2842 2056 2883 opp.

333 2897 372 2943 8,
404 2897 500 2944 230,
545 2894 705 2936 Volusii
735 2895 966 2938 Saturnini
994 2898 1169 2939 nomina
1199 2898 1418 2940 coniunxit
1447 2911 1540 2940 oum
1569 2898 1629 2940 eis
1657 2911 1763 2952 quae
1794 2896 2059 2952 praecedunt

336 2962 496 3003 Valerii
523 2963 714 3013 Iuniani,
748 2966 997 3018 putavitque
1036 2980 1166 3008 unum
1206 2967 1389 3020 fratrem
1417 2965 1620 3008 Arvalem
1648 2965 1888 3020 siqnifioasri
1916 2963 2058 3020 appel-

337 3029 468 3070 latum
509 3031 572 3073 M.
616 3031 828 3074 Valerium
866 3034 1098 3076 Iunianum
1145 3035 1360 3077 Volusium
1398 3034 1694 3078 Saturninum.
1735 3058 1791 3064 —-
1830 3033 1974 3076 Huius
2009 3035 2059 3075 ut

335 3098 500 3139 violetur
520 3099 671 3151 Quinti
703 3100 986 3156 dispensator,
1020 3105 1093 3158 qui
1126 3105 1352 3158 coniugem
1383 3102 1607 3145 Volusiam
1638 3103 1829 3145 Primam
1859 3100 2056 3158 sepulcro

336 3165 481 3207 intulit
510 3182 546 3210 a.
581 3167 634 3208 89
667 3168 734 3209 VI
758 3172 881 3212 9326.
918 3195 967 3200 -
998 3171 1212 3213 Incertum
1242 3173 1335 3225 quis
1375 3185 1425 3214 ex
1464 3171 1648 3214 Volusiis
1678 3170 1927 3214 Saturninis
1962 3183 2058 3212 eon-

335 3233 494 3275 sulibus
524 3235 758 3289 [Vol]usius
782 3237 1042 3279 Saturninus
1069 3238 1317 3294 consularis,
1349 3254 1404 3281 ex
1434 3240 1556 3281 cuius
1586 3238 1713 3281 domo
1746 3238 1810 3293 [L.
1833 3237 2056 3292 V]olusius

337 3302 384 3342 L.
414 3302 441 3342 f.
472 3302 597 3344 Celer
630 3304 733 3359 [qui]
766 3311 809 3346 et
838 3305 1083 3348 Ancharius
1113 3307 1238 3349 XIV
1259 3310 1353 3352 178.
