2242 3672
199 251 413 287 SAENIVS
1071 246 1151 291 157
1772 251 2017 288 SALIANVS

218 392 228 407 ¹
284 382 472 425 creditur
513 382 722 426 Balbinus
764 385 1031 441 proscriptus
1073 401 1099 428 a
1135 385 1394 441 triumviris,
1435 385 1509 442 qui
1551 399 1649 427 cum
1679 385 1853 427 veniam
1889 385 2019 442 impe-

285 457 451 506 trasset,
485 451 636 494 consul
668 451 749 494 fuit
778 454 895 495 circa
925 460 1093 511 tempus
1125 468 1300 511 pugnae
1328 453 1538 498 Actiacae
1566 453 1681 509 App.
1706 453 1743 496 b.
1766 467 1799 498 e.
1821 457 1859 505 4,
1881 455 1947 496 50.

199 521 245 563 41
284 527 339 563 Μ.
371 527 582 563 SAEvas
614 526 847 563 DONATvs
880 526 1160 576 (praenomen
1190 526 1307 566 extat
1337 522 1406 566 VI
1427 526 1543 567 2107
1571 537 1608 566 v.
1640 525 1711 566 20.
1739 525 1858 567 2108
1886 537 1923 567 v.
1950 523 2020 577 10)

285 589 421 632 frater
450 588 649 640 Arvalis‚
692 588 833 632 adfuit
874 590 919 632 in
959 590 1140 646 collegio
1182 607 1219 636 a.
1253 593 1336 635 219
1380 599 1422 634 et
1451 593 1623 648 saepius
1655 591 1736 635 sub
1765 591 2020 635 Alexandro

285 659 341 712 (a.
367 659 465 701 224.
494 659 589 712 231,
623 673 660 703 a.
693 659 796 712 ine.)
829 661 910 701 act.
939 658 1045 703 Arv.
1079 658 1175 711 (VI
1196 662 1321 703 2067.
1351 660 1643 714 2107-2110).

197 726 253 769 42
284 726 338 780 Q.
362 726 547 770 Saenius
570 727 871 783 Pompeianus,
906 726 959 780 Q.
982 727 1024 782 f.,
1053 727 1170 770 tribu
1191 727 1341 783 Fabia,
1375 729 1614 771 conductor
1644 736 1851 786 quattuor
1880 718 2026 786 publi-'

284 810 435 838 corum
466 794 642 838 Africae
674 799 702 838 t.
732 795 987 850 sepulcralis
1017 797 1107 839 eius
1137 796 1206 839 VI
1222 799 1332 840 8588
1361 797 1602 854 (publicum
1631 798 1808 841 Africae
1839 799 2023 842 redemit

284 864 483 920 Fronto).
530 865 594 907 Eo
627 871 821 922 tempore
839 865 1013 921 saepius
1035 880 1127 907 rem
1147 865 1403 908 familiarem
1424 867 1660 909 Frontonis
1681 867 1861 923 adiuvit,
1895 875 2022 910 antea

283 933 341 976 ab
373 948 422 975 eo
449 935 621 991 saepius
646 933 873 989 defensus3
906 949 1103 990 eumque,
1139 949 1238 976 cum
1269 936 1379 977 ratio
1412 936 1503 978 eius
1535 935 1589 978 ab
1621 937 1880 993 imperatore
1911 943 2020 980 trac-

283 1002 416 1051 tanda
441 1009 566 1058 esset,
600 1002 874 1045 commendat
893 1001 1116 1045 Antonino
1139 1003 1230 1057 Pio,
1263 1018 1342 1060 per
1361 1004 1560 1046 Marcum
1582 1004 1825 1055 Caesarem,
1858 1007 2020 1049 Fronto

285 1086 346 1126 ep.
388 1071 448 1114 ad
487 1072 554 1115 M.
595 1071 715 1115 Caes.
747 1075 785 1123 5,
815 1075 870 1114 34
902 1086 951 1127 p.
982 1075 1038 1115 86
1070 1072 1133 1115 ed.
1168 1072 1331 1116 Naber.
1398 1074 1546 1116 Uxor:
1597 1074 1764 1117 Fuficia
1809 1073 2022 1130 Clymena

286 1140 355 1183 VI
373 1143 496 1184 8588.

200 1236 252 1242 -
285 1216 348 1253 ΤΙ.
381 1216 625 1252 CLAVDIVS
659 1216 915 1252 SAETHIDA
946 1216 1245 1253 OAELIANVS.

198 1303 254 1309 —-
284 1285 346 1323 ΤΙ.
378 1285 624 1321 CLAVDIVS
657 1285 911 1321 SAETHIDA
943 1285 1206 1322 CETHEGVS
1238 1285 1539 1322 FRONTINVS.

198 1348 254 1391 43
285 1354 550 1390 SAEVINIVS
582 1354 840 1390 PROCVLVS
873 1347 1075 1391 tribunus
1105 1347 1365 1403 laticlavius,
1404 1355 1579 1390 curator
1609 1349 1876 1406 reipublicae
1908 1350 2020 1392 Tha·

284 1416 562 1472 mugadensis
603 1418 646 1459 in
686 1416 897 1460 Numidia
936 1416 1061 1460 VIII
1080 1420 1206 1461 2437.
1250 1417 1373 1460 VIII
1396 1417 1443 1461 S.
1472 1420 1623 1460 17871.
1689 1418 2022 1471 Quindecimvir

284 1487 418 1528 saeris
449 1486 664 1529 faciundis
696 1489 795 1529 aeta
824 1486 1068 1529 saecularia
1099 1487 1206 1529 amii
1234 1490 1321 1530 204
1350 1486 1459 1542 (eph.
1484 1501 1545 1540 ep.
1568 1489 1596 1528 8
1618 1502 1665 1541 p.
1686 1487 1803 1536 293).

197 1554 253 1597 44
284 1555 588 1609 SAEVIN(I)VS
620 1560 879 1598 PROCVLVS
913 1556 1157 1610 (eoquorum
1185 1569 1271 1598 nou
1296 1558 1467 1606 certum,
1497 1555 1686 1598 traditur
1709 1556 1894 1599 Saevino
1927 1572 2022 1614 pro-

285 1637 412 1679 que3
430 1623 645 1667 Saevinus
660 1624 836 1667 Priscus
844 1624 1002 1676 Ritter,
1015 1625 1275 1681 Pomptinus
1289 1624 1429 1679 vulyo)
1443 1624 1782 1681 repetundarum
1794 1625 2023 1668 damnatus

284 1692 366 1736 sub
388 1691 569 1736 Claudio
591 1692 661 1735 vel
681 1693 878 1748 Nerone3
910 1709 949 1736 a.
975 1694 1031 1736 69
1057 1694 1300 1736 senatorius
1329 1694 1367 1735 ei
1398 1692 1516 1736 locus
1547 1693 1743 1736 redditus
1774 1694 1829 1737 ab
1851 1693 2023 1738 Othone

291 1763 389 1806 Tac.
411 1762 452 1805 h.
474 1766 513 1814 1,
536 1766 603 1807 77.
992 1809 994 1811 ,

199 1833 253 1876 45
284 1832 469 1876 Saevius
491 1831 671 1875 Plautus
692 1833 794 1888 (pro
811 1833 997 1877 Saevius
1008 1833 1202 1888 plerique
1223 1833 1386 1876 codices
1402 1833 1576 1888 Sevius)
1597 1835 1792 1890 corrupti
1813 1834 1890 1876 filii
1911 1850 2021 1888 reus,

286 1909 420 1944 semet
451 1902 496 1943 in
528 1901 688 1944 iudicio
719 1902 924 1945 interficit
943 1902 1230 1958 Hieronymus
1260 1902 1402 1945 chron.
1427 1902 1486 1945 ad
1506 1917 1545 1945 a.
1567 1906 1682 1946 2040
1700 1923 1756 1938 =
1776 1907 1837 1946 23
1848 1918 1897 1958 p.
1922 1902 2023 1946 Chr.

199 1971 255 2014 46
288 1971 516 2014 Safronius
557 1970 698 2014 Rufus
738 1971 816 2027 (sic
854 1975 893 2022 4,
924 1974 1000 2022 71,
1046 1971 1273 2015 Safronius
1304 1974 1370 2022 11,
1402 1971 1521 2026 103):
1562 1971 1618 2013 ad
1658 1986 1756 2014 eum
1798 1971 1900 2014 data
1940 1973 2026 2028 epi-

283 2046 526 2095 grammata
556 2039 769 2082 Martialis
798 2044 838 2091 4,
864 2043 930 2083 71.
961 2044 1028 2092 11,
1051 2043 1144 2083 103.

200 2110 253 2163 47
287 2115 328 2151 C.
347 2115 572 2151 SAGVRVS
589 2115 805 2164 PRISCVS,
830 2108 879 2153 C.
897 2109 939 2164 ἐξ,
963 2109 1080 2152 tribu
1097 2108 1208 2162 Clu.‚
1226 2109 1473 2166 praefectus
1495 2109 1667 2152 fabrum
1691 2117 1733 2152 et
1749 2109 2026 2166 equestribus

286 2177 451 2220 militiis
472 2177 647 2220 functus
669 2178 770 2233 (uon
793 2182 891 2221 ante
917 2178 1196 2234 Traianum);
1226 2178 1384 2221 deinde
1406 2185 1621 2235 quaestor,
1652 2179 1852 2222 tribunus
1876 2177 2024 2234 plebis,

287 2253 463 2305 praetor
495 2247 748 2302 designatus
778 2251 806 2290 t.
837 2248 884 2290 iri
913 2247 1091 2292 Umbria
1120 2262 1208 2302 rep.
1240 2247 1321 2290 XI
1341 2250 1465 2291 5959.

203 2344 253 2348 -—-
288 2315 497 2360 Claudius
530 2316 710 2371 Sagitta.

203 2410 255 2416 —-
287 2391 531 2427 OCTAVIVS
564 2391 788 2427 SAGITTA.

205 2479 257 2484 -—
290 2453 501 2497 Otacilius
534 2453 716 2509 Sagitta.

203 2524 258 2567 48
291 2522 487 2579 Salabus,
519 2538 558 2568 a.
589 2538 630 2579 p.
662 2521 766 2566 Chr.
792 2523 847 2566 42
879 2523 1133 2566 Maurorum
1163 2522 1390 2566 rebellium
1422 2523 1513 2565 dux
1545 2523 1634 2566 Dio
1665 2526 1731 2573 60,
1759 2526 1797 2567 9.

205 2617 257 2623 -
289 2599 334 2635 L.
365 2592 568 2647 IVL(IVS)
598 2598 846 2634 APRONIVS
878 2599 1106 2635 MAENIVS
1138 2599 1246 2635 PIVS
1278 2598 1715 2635 SALAMALLIANVS.

204 2687 256 2691 —
289 2668 333 2704 L.
365 2667 503 2703 IVLIA
532 2666 757 2703 APRONIA
785 2668 987 2703 MAENIA
1018 2668 1385 2704 SALAMALLIAS.

203 2731 257 2773 49
290 2729 544 2786 Salampsio,
578 2729 767 2772 Herodis
798 2731 945 2785 magni
978 2745 1033 2772 ex
1058 2730 1314 2773 Mariamme
1345 2729 1444 2785 filia,
1481 2731 1626 2786 nupsit
1656 2727 1913 2771 consobrino
1948 2743 2025 2769 suo

290 2798 502 2841 Phasaelo
525 2798 725 2842 Phasaeli
746 2798 847 2854 filio,
873 2800 943 2841 cui
965 2801 1135 2856 peperit
1165 2799 1324 2842 liberos
1346 2800 1539 2855 quinque
1559 2798 1725 2853 Ioseph.
1749 2799 1837 2839 aut.
1861 2800 1928 2847 18,
1944 2799 1982 2846 5,
2001 2800 2027 2838 4

290 2868 363 2923 (cf.
396 2867 489 2910 bell.
512 2871 550 2918 1,
571 2869 643 2918 28,
665 2870 704 2918 5,
735 2868 812 2910 ubi
839 2882 990 2910 nomen
1018 2882 1105 2911 nou
1127 2869 1340 2924 ponitur).

207 2962 258 2966 —
292 2935 468 2979 Cassius
500 2935 698 2979 Salanus.

206 3007 260 3048 50
293 3004 461 3048 Saleius
501 3005 674 3059 Bassus,
717 3011 855 3061 poeta,
898 3006 1064 3048 amicus
1106 3004 1207 3048 Iulii
1250 3004 1439 3048 Secundi
1487 3004 1585 3047 Tae.
1619 3002 1721 3045 dial.
1753 3004 1791 3045 5.
1854 3002 2027 3056 Pauper

292 3073 510 3116 Iuvenalis
539 3077 577 3124 7,
606 3076 672 3116 80.
720 3073 758 3116 Α
781 3064 1049 3131 Vespasiano
1080 3075 1326 3116 sestertium
1356 3073 1606 3129 quingentis
1637 3070 1812 3112 milibus
1844 3069 2028 3111 donatus

298 3142 396 3184 Tac.
420 3142 443 3184 l.
467 3156 499 3184 ο.
541 3143 810 3185 Momm-atur
831 3145 887 3186 ib.
910 3148 980 3187 20.
1031 3144 1101 3185 De
1132 3144 1307 3198 ingenio
1335 3143 1426 3184 eius
1453 3142 1595 3195 Quint.
1618 3144 1683 3189 10,
1707 3142 1745 3188 1,
1768 3142 1822 3181 90
1847 3137 2028 3193 (videtur

293 3213 445 3253 auctor
475 3211 608 3264 fuisse
638 3212 842 3254 carminis
868 3212 1058 3266 heroici).

206 3281 257 3322 51
295 3278 507 3328 Salianus,
531 3295 570 3322 a.
587 3280 642 3322 37
666 3295 692 3322 a
713 3281 823 3324 Gaio
845 3280 1125 3323 Antiochiam
1146 3281 1315 3334 missus,
1340 3294 1438 3322 cum
1462 3294 1512 3320 ea
1534 3284 1673 3319 terrae
1695 3281 1813 3316 motu
1833 3275 2028 3328 graviter

292 3347 468 3390 adflicta
499 3355 613 3391 esset
644 3349 840 3392 Malalas
868 3349 916 3392 X
934 3364 983 3404 p.
1005 3352 1090 3392 243
1121 3349 1182 3391 ed.
1214 3349 1353 3391 Romi.
1405 3347 1578 3395 Dubiae,
1608 3343 1710 3399 fidei
1737 3343 1947 3384 narratio.
