2242 3672
162 246 487 284 VOLOGAESVS
1027 244 1112 287 479
1684 248 1976 287 VOLVMNIVS

251 380 566 437 ‘Panegyricus
602 379 887 435 Volog(a)esi’
932 381 1192 436 adscriptum
1231 382 1278 425 in
1315 383 1507 437 maryine
1551 381 1707 426 codicis
1743 381 1978 426 Frontonis

242 464 290 506 p.
311 452 396 494 205
428 448 490 493 eol.
524 447 687 500 Naber,
718 450 816 503 ipsa
844 450 974 492 verba
1004 450 1087 504 leqi
1114 465 1198 494 non
1219 454 1464 505 potuerunt.

163 531 248 574 636
277 530 547 585 Vologaesus
589 528 869 585 Οὐολόγαισος
907 530 995 573 Dio
1025 530 1170 585 Xiph,
1202 530 1447 589 Βολόγαισος
1476 545 1576 583 exc„
1620 531 1838 590 )ὐλίγισσος
1872 531 1978 587 Syn-

250 599 413 654 cellus),
462 597 723 640 Parthorum
770 613 849 640 rex
895 600 1159 656 temporibus
1206 600 1402 657 Septimii
1450 601 1601 645 Severi
1642 600 1730 644 Dio
1772 604 1836 652 75,
1869 605 1908 652 9,
1938 605 1978 644 3.

251 668 429 712 Numani
465 667 591 710 buius
629 670 679 709 ut
716 667 902 718 videtur,
941 668 1100 711 scilieet
1136 683 1288 712 novam
1325 670 1480 724 faeiem
1521 671 1684 726 reyiam
1728 671 1976 722 exhibentes,

249 738 342 781 cusi
360 751 443 793 per
473 750 609 780 annos
637 739 716 778 191
747 736 805 779 ad
833 736 1040 788 208s209,
1073 752 1141 792 ap.
1169 738 1304 793 Perey
1331 738 1532 782 Gardner
1562 739 1778 782 Parthian
1807 740 1979 795 coinaye

246 822 296 863 p.
325 809 381 849 58
410 805 630 862 (Ὀλαγασ-
656 819 807 848 nomen
847 806 894 848 in
930 806 1243 850 tetradraehmo
1284 808 1389 850 anni
1422 808 1549 851 197l8
1589 808 1690 864 leyit
1717 809 1980 864 Lonyperier

250 876 391 920 chron.
423 875 494 918 des
523 874 677 918 Arsae.
707 889 750 929 p.
777 878 869 928 153,
904 874 1189 932 [Ὀ]λογαι[σ]-
1217 876 1382 918 violetur
1414 880 1558 919 extare
1587 877 1633 919 in
1664 877 1979 921 tetradraehmo

249 945 383 988 musei
401 943 716 995 Berolinensis;
741 944 788 986 in
810 943 1025 986 drachmis
1051 943 1271 999 Voloyaesi
1289 945 1400 999 re9is
1419 959 1570 988 nomen
1590 945 1744 1001 leyitur
1762 947 1979 1001 scriptura

248 1013 510 1058 Panthorwm
531 1013 716 1068 patria).

335 1095 577 1137 Pescennio
607 1093 744 1148 Nigro
785 1092 952 1135 auxilia
986 1093 1198 1149 promittit
1229 1092 1298 1135 vel
1337 1094 1469 1136 mittit
1498 1094 1659 1137 Herod.
1689 1098 1729 1146 3,
1762 1099 1800 1146 1,
1829 1099 1861 1137 2
1889 1097 1981 1152 (ub-i

246 1177 395 1206 nomen
435 1164 524 1206 eius
561 1177 646 1205 non
678 1163 887 1218 ponitur),
932 1163 986 1217 ef.
1020 1162 1239 1217 Syncellus
1269 1177 1318 1217 p.
1348 1166 1442 1213 670,
1473 1167 1500 1205 7
1530 1162 1638 1217 (Dio
1669 1167 1733 1215 75,
1766 1168 1804 1215 9,
1836 1168 1862 1208 6
1893 1179 1978 1208 exe.

251 1232 301 1276 de
341 1232 416 1287 leq.
456 1246 542 1275 non
583 1232 641 1274 ad
668 1231 779 1274 hune
808 1235 984 1286 spectat,
1027 1233 1082 1286 ef.
1113 1245 1247 1286 supra
1273 1246 1315 1274 n.
1347 1233 1462 1286 632).
1525 1232 1712 1276 Severus
1743 1233 1904 1276 bellum
1940 1235 1979 1276 ei

251 1301 382 1344 infert
410 1301 499 1345 Dio
531 1304 595 1353 75,
628 1304 667 1352 9,
697 1304 736 1344 3.
792 1301 948 1343 Frater
980 1301 1071 1343 eius
1103 1316 1129 1342 a
1158 1301 1352 1357 partibus
1382 1301 1530 1344 Severi
1562 1302 1715 1357 stabat,
1749 1303 1978 1346 Severum-

251 1386 337 1428 que
386 1370 676 1413 comitabatur
725 1370 807 1412 hac
851 1371 946 1426 ipsa
997 1369 1273 1426 expeditione
1313 1369 1402 1413 Dio
1440 1372 1515 1421 75,
1558 1374 1598 1421 9,
1637 1374 1665 1413 3
1710 1372 1865 1427 (frater
1913 1371 1981 1414 hie

248 1440 497 1495 plerumque
519 1441 703 1494 putatur
739 1438 966 1489 Tiridate-3,
997 1451 1131 1492 supra
1161 1438 1202 1481 T
1222 1440 1335 1491 179).
1396 1438 1787 1496 Appropinquante
1819 1440 1980 1483 Severo

256 1508 422 1552 recedit
439 1507 529 1551 Dio
549 1510 615 1559 75,
637 1510 675 1558 9,
697 1511 736 1558 4,
769 1507 945 1562 fugatus
967 1522 993 1549 a
1015 1506 1176 1550 Severo
1199 1506 1415 1562 Syneellus
1438 1521 1484 1561 p.
1507 1510 1602 1550 670.
1624 1511 1704 1550 671
1735 1509 1981 1563 (perperam

249 1577 524 1622 Herodianus
553 1580 592 1628 3,
625 1579 664 1628 9,
701 1580 754 1619 10
784 1576 1059 1619 Artabanum
1099 1579 1197 1618 tune
1236 1589 1375 1630 reyem
1414 1574 1676 1619 Partharum
1715 1578 1847 1631 fuisse
1887 1578 1980 1629 ait).

249 1646 469 1690 Defuncto
510 1661 581 1701 eo,
623 1645 749 1689 liberi
789 1647 882 1688 eius
911 1645 1183 1699 (Artabanus
1211 1648 1259 1687 ut
1292 1644 1458 1687 videtur
1487 1648 1527 1687 et
1562 1645 1815 1701 Voloyaesus
1844 1647 1882 1690 is
1909 1648 1984 1701 qui

247 1715 452 1771 sequitur)
482 1715 537 1758 de
567 1728 701 1770 regno
733 1714 958 1757 certabant
979 1713 1068 1756 Dio
1087 1716 1154 1764 77,
1176 1716 1235 1756 12
1264 1726 1349 1756 exc.
1382 1712 1474 1757 Val.

164 1796 248 1840 637
279 1795 549 1851 Vologaesus
571 1794 836 1852 (Βολὸγαισος
865 1794 1023 1849 Xiph.,·
1063 1794 1109 1837 in
1145 1793 1470 1836 tetradraehmis
1499 1808 1606 1848 quae
1635 1794 1760 1838 buius
1788 1795 1983 1839 videntur

250 1879 349 1916 esse,
380 1865 542 1908 seilicet
571 1865 683 1908 cusis
711 1879 752 1907 a.
773 1865 946 1908 209s10.
967 1864 1115 1907 212s3.
1138 1865 1281 1914 217s8,
1315 1861 1545 1918 Ὀλαγοίσου
1577 1864 1760 1906 nominis
1779 1864 1983 1919 reliquiae

251 1935 382 1978 lectae
415 1937 536 1985 sunt,
578 1934 633 1987 ef.
673 1932 835 1975 Eclchel
874 1935 914 1983 3,
945 1934 1041 1983 540,
1084 1931 1272 1974 Visconti
1308 1931 1495 1986 iconoyr.
1533 1946 1599 1986 9r.
1640 1935 1678 1983 3,
1711 1935 1805 1984 130,
1845 1934 1982 1990 L0n9-

245 2004 393 2059 perier
430 2002 615 2046 chronol.
653 2002 723 2045 des
753 2001 988 2044 Arsacides
1018 2016 1067 2056 p.
1100 2002 1183 2044 155
1233 2001 1318 2044 tab.
1350 2000 1561 2055 XVIII),
1608 2016 1687 2044 rex
1720 2002 1982 2045 Parthorum

252 2072 520 2130 temporibus
542 2071 795 2115 Caracallae
821 2070 911 2113 Dio
929 2073 994 2121 77,
1011 2073 1065 2112 19
1088 2070 1142 2124 cf.
1166 2083 1200 2112 ο.
1217 2073 1289 2114 21.
1350 2069 1569 2112 Defuncto
1595 2077 1719 2127 patre
1739 2071 1981 2127 Vologaeso

251 2142 314 2197 (eo
345 2142 419 2195 qui
443 2140 682 2196 praecedi&
718 2155 815 2183 cum
853 2139 987 2182 fratre
1023 2139 1076 2181 de
1111 2153 1246 2194 regno
1283 2146 1420 2181 certat
1448 2138 1538 2182 Dio
1570 2143 1634 2190 77,
1664 2143 1723 2184 12
1753 2141 1845 2196 (ubi
1880 2154 1983 2183 sane

249 2225 380 2265 neque
430 2210 565 2264 ipsius
613 2224 743 2264 neque
788 2209 944 2264 fratris
991 2222 1142 2251 nomen
1182 2208 1385 2263 ponitur,
1435 2208 1510 2251 seol
1556 2208 1750 2251 videntur
1798 2210 1984 2265 intelleyi

250 2280 318 2323 hie
363 2283 402 2322 et
455 2278 739 2334 Artabanus).
815 2277 1067 2322 caracallae
1099 2277 1338 2320 Tiridatem
1381 2284 1424 2319 et
1460 2277 1725 2320 Antiochum
1764 2278 1980 2335 quendam

252 2348 312 2405 (A
331 2363 374 2391 n.
390 2348 504 2403 582),
537 2349 611 2404 qui
643 2347 697 2389 ad
729 2362 827 2389 eum
848 2346 1186 2402 transfugerant,
1219 2345 1512 2402 expostulanti
1535 2345 1592 2398 (a.
1614 2346 1715 2401 216)
1737 2347 1982 2389 satisfacere

249 2417 389 2460 noluit
415 2416 504 2460 Dio
537 2421 602 2468 77,
636 2420 702 2468 19,
736 2416 811 2458 sed
844 2431 941 2458 cum
975 2414 1202 2459 Caracalla
1232 2414 1393 2457 bellum
1425 2417 1463 2457 ei
1495 2414 1695 2470 inferret,
1729 2417 1981 2472 perterritus

251 2486 433 2530 tradidit
462 2501 534 2528 eos
565 2487 623 2529 ib.
655 2499 690 2528 e.
720 2489 791 2529 21.
842 2484 1000 2528 Paullo
1023 2487 1125 2539 post
1152 2483 1318 2526 videtur
1346 2483 1510 2525 maiore
1537 2484 1660 2538 reqni
1678 2487 1808 2538 parte
1829 2484 1983 2538 pulsus

249 2570 356 2607 esse,
397 2570 499 2599 nam
539 2570 651 2598 anno
681 2558 770 2599 217
795 2569 881 2598 non
922 2557 1072 2597 eontra
1112 2567 1225 2604 eum,
1262 2552 1337 2595 secl
1365 2556 1514 2595 eontra
1542 2552 1817 2595 Artabanum
1845 2567 1981 2608 reyem

249 2624 513 2667 Parthorum
553 2625 780 2667 exereitum
821 2623 942 2666 duxit
988 2622 1244 2673 Caracalla,
1286 2623 1385 2664 item
1425 2621 1484 2664 ad
1517 2622 1791 2664 Artabanum
1826 2636 1865 2664 a.
1897 2625 1982 2665 218

254 2694 482 2737 Macrinus
521 2694 637 2736 misit
675 2693 836 2748 filium;
872 2692 945 2735 sed
975 2706 1086 2747 pars
1129 2693 1250 2747 reyni
1287 2691 1453 2734 violetur
1481 2692 1521 2733 ei
1557 2692 1771 2740 mansisse,
1810 2691 1982 2733 testibus

249 2764 443 2814 nummis,
485 2763 559 2817 qui
597 2765 743 2805 extare
783 2762 983 2804 dicuntur
1022 2775 1230 2804 annorum
1259 2759 1390 2804 208Ἇ9
1422 2760 1481 2802 acl
1514 2759 1672 2810 221l2,
1712 2762 1834 2813 atque
1872 2772 1982 2800 unus

249 2831 378 2874 etiam
418 2845 541 2874 cusus
580 2846 620 2874 a.
650 2830 809 2882 22749,
848 2834 896 2873 ut
936 2830 1096 2873 diutius
1135 2844 1178 2873 se
1219 2831 1399 2873 tenuerit
1433 2833 1581 2872 eontra
1619 2830 1904 2870 Artaxerxem
1943 2831 1982 2869 et

251 2899 421 2951 Persas,
452 2914 581 2954 quam
610 2900 864 2942 Artabanus
893 2899 1052 2955 (Percy
1079 2899 1281 2942 Gardner
1299 2898 1517 2941 Parthian
1548 2899 1720 2951 eoinaye
1740 2912 1788 2950 p.
1809 2898 1874 2938 58.
1896 2894 1979 2947 59).

165 2969 248 3011 638
280 2975 502 3010 VOLTEIA
538 2975 849 3019 CORNIFICIA,
893 2983 1006 3010 uxor
1040 2968 1091 3010 L.
1124 2968 1330 3010 Matuccii
1370 2967 1549 3009 Fuscini
1591 2965 1720 3020 legati
1752 2963 1980 3006 Numidiae

248 3039 276 3079 t.
307 3037 665 3080 Lambaesitanus
695 3037 819 3080 VIII
839 3040 965 3080 2630.

165 3106 250 3148 639
281 3105 564 3160 Volumnius,
609 3107 787 3148 Romam
829 3107 984 3148 missus
1024 3105 1080 3148 ab
1121 3104 1296 3148 Herode
1342 3119 1429 3147 una
1468 3117 1565 3145 cum
1608 3101 1794 3157 Olympo
1841 3102 1980 3143 amico

253 3174 454 3228 Herodis,
498 3174 675 3218 Caesari
714 3175 881 3218 litteras
921 3173 1110 3216 Herodis
1141 3173 1275 3216 tradit
1314 3174 1367 3215 de
1407 3171 1628 3214 maleficiis
1668 3169 1908 3211 Alexandri
1939 3176 1982 3211 et

252 3242 495 3286 Aristobuli
524 3243 690 3298 Ioseph.
719 3243 811 3286 bell.
834 3248 871 3294 1,
894 3246 965 3293 27,
986 3246 1024 3293 1,
1057 3245 1144 3285 ant.
1165 3245 1231 3293 16,
1253 3246 1319 3292 10,
1341 3245 1379 3285 7.
1402 3245 1440 3284 9.
1487 3238 1743 3281 Volumnius
1769 3239 1790 3281 ὃ
1821 3251 1980 3295 στρατο-

252 3313 460 3371 πεδάρχης
499 3311 592 3354 bell.
625 3311 651 3355 l.
684 3326 717 3355 c.
751 3311 951 3368 (fortasse
973 3311 1222 3367 praefectus
1257 3311 1477 3366 copiarum
1516 3307 1648 3362 nasius
1682 3305 1892 3358 Herodis,·
1931 3305 1980 3348 cle
