2242 3672
118 306 372 344 VALERIVS
978 303 1064 346 355
1686 309 1940 347 VALERIVS

119 440 171 482 41

122 1542 177 1584 42

205 445 251 482 L.
271 445 523 481 VALERIVS
547 445 804 482 CATVLLVS
826 446 1190 484 MESSALLINVS.
1241 440 1440 484 Catullus
1459 440 1719 484 Messalinus
1741 440 1858 484 Plin.
1879 455 1942 496 ep.

203 511 244 558 4,
276 511 352 560 22,
383 510 422 559 5,
464 507 664 551 Catullus
703 508 797 553 Iuv.
828 511 867 559 4,
899 512 992 561 113,
1037 509 1180 552 Victor
1217 511 1316 565 epit.
1347 513 1418 562 12,
1448 513 1487 561 5,
1534 509 1795 553 Messalinus
1842 510 1942 553 Tac.

206 577 315 632 Ayr.
340 579 418 628 45,·
446 577 493 619 in
524 577 745 619 consulatu
775 577 825 620 L.
849 577 1051 620 Valerius
1083 577 1280 621 Catullus
1311 579 1357 621 M
1375 612 1500 622 .....
1533 579 1710 630 77239,
1742 578 1945 622 Valerius

208 644 466 688 Messalinus
494 645 695 688 Frontin.
725 660 791 700 aq.
813 649 912 696 102,
940 646 1198 689 Messalinus
1227 647 1447 703 chronoqr.
1470 662 1510 692 a.
1530 650 1622 698 354,
1652 648 1762 702 fasti
1779 648 1943 703 Hydat.

291 713 459 757 Filium
487 715 620 768 fuisse
651 714 814 757 Valerii
840 714 1004 757 Catulli
1031 729 1165 770 supra
1194 730 1235 758 n.
1267 719 1321 759 35
1351 720 1391 759 et
1420 717 1621 760 Statiliae
1650 717 1943 768 Messallinae,

206 784 368 826 sororis
403 783 540 825 Tauri
567 782 740 826 Statilii
765 782 942 826 Corvini
971 784 1154 826 consulis
1185 799 1225 826 a.
1256 787 1320 839 45,
1355 786 1531 828 coniecit
1559 785 1845 840 Borqhesiu35
1874 785 1948 828 sed

206 866 275 894 rcs
295 851 431 906 plane
460 852 636 902 incerta,
670 852 725 906 cf.
757 865 892 906 supra
919 853 996 894 sub
1029 852 1211 896 Statilia
1243 854 1501 897 Messallina
1532 854 1587 910 (S
1613 854 1729 909 626).
1781 854 1945 898 Consul

209 921 301 964 ord.
342 936 379 966 a.
425 921 478 963 73
524 935 624 963 eum
671 921 923 963 Domitiano
965 920 1153 964 Caesare
1193 923 1237 964 II
1277 923 1395 976 fasti.
1466 923 1727 977 (Proconsul
1766 923 1945 966 Africae

207 989 371 1032 scholia
402 990 462 1032 ad
489 990 583 1032 Iuv.
614 993 652 1040 4,
686 993 788 1040 113,
829 1004 938 1044 quae
968 1005 1019 1033 erc
1048 991 1212 1033 schedis
1241 991 1471 1046 Boryhesii
1498 993 1605 1035 citat
1639 992 1779 1035 Tissot
1811 993 1944 1045 fastes

209 1059 258 1101 de
297 1059 426 1113 l’Afr.
450 1074 499 1114 p.
520 1062 617 1110 125,
661 1059 882 1102 dummodo
924 1059 1137 1113 antiqua).
1198 1061 1446 1116 Imperante
1486 1061 1738 1104 Domitiano
1770 1061 1946 1103 ‘calum-

209 1129 352 1170 niator
381 1129 656 1185 praecipuus²
692 1127 834 1170 Victor
865 1129 961 1182 cpit.
993 1131 1061 1178 12,
1093 1131 1131 1183 5,
1168 1129 1393 1171 ‘mortifer’
1422 1130 1614 1173 Juvenal.
1645 1134 1684 1182 4,
1716 1128 1819 1173 113:
1854 1132 1946 1172 eius

205 1211 341 1253 opera
382 1196 507 1239 multi
553 1197 657 1240 boni
700 1197 784 1238 viri
827 1199 1022 1253 perversi
1068 1197 1183 1240 Plin.
1226 1213 1287 1252 ep.
1328 1202 1374 1249 4,
1414 1201 1490 1249 22,
1532 1202 1584 1251 5;
1627 1200 1948 1254 ‘sanguinariae

208 1267 462 1308 sententiae‘
507 1267 600 1308 eius
642 1267 684 1307 in
726 1265 906 1308 consilio
950 1266 1190 1308 Domitiani
1231 1266 1349 1309 Plin.
1391 1282 1452 1321 ep.
1489 1272 1528 1318 4,
1561 1272 1634 1319 22,
1668 1271 1694 1310 6
1704 1282 1717 1319 ;
1757 1268 1811 1322 cf.
1848 1268 1946 1311 Tac.

208 1334 316 1389 ΑΨ.
333 1337 411 1386 45,·
431 1335 522 1377 Iuv.
545 1338 585 1385 4,
606 1337 687 1377 113
700 1348 784 1389 seq.
817 1334 1077 1377 Luminibus
1099 1334 1277 1378 orbatus
1299 1335 1416 1378 Plin.
1440 1351 1502 1390 ep.
1524 1340 1562 1387 4,
1585 1340 1658 1391 22,
1680 1340 1730 1387 5,·
1756 1337 1946 1380 Juvenal.

206 1408 245 1454 4,
269 1407 349 1446 114
369 1417 452 1458 seq.
498 1404 550 1446 In
571 1404 686 1445 vivis
708 1419 746 1446 a.
767 1404 824 1446 93
850 1404 948 1446 Tac.
969 1403 1076 1458 Ayr.
1099 1407 1166 1455 45,
1199 1404 1274 1446 sed
1304 1411 1503 1447 mortuus
1535 1413 1628 1447 erat
1661 1421 1698 1450 a.
1722 1406 1776 1449 97
1798 1405 1871 1448 vel
1892 1406 1947 1448 98

208 1472 324 1518 Plin.
347 1487 409 1527 ep.
430 1476 470 1523 4,
491 1476 567 1523 22,
590 1475 616 1514 6
646 1471 761 1527 (inde
784 1472 942 1526 pendet
971 1472 1114 1515 Victor
1141 1473 1237 1527 epit.
1260 1477 1330 1523 12,
1350 1476 1407 1529 5).
1958 1476 1963 1481 '

208 1549 250 1584 P.
272 1543 344 1597 (M.
356 1541 397 1594 P)
419 1548 672 1583 VALERIVS
705 1547 948 1583 COMAZON
982 1548 1351 1585 EVTYCHIANVS.
1405 1542 1650 1599 Εὐτυχιανός
1680 1542 1768 1586 Dio
1787 1544 1950 1598 inteyer

208 1611 288 1666 (vel
307 1614 417 1654 certe
437 1610 596 1654 Dionis
616 1610 775 1665 inteyri
794 1610 923 1653 codex
950 1610 1102 1665 Vatic.)
1125 1614 1191 1661 78,
1212 1614 1266 1653 31
1293 1612 1390 1666 (quo
1421 1611 1510 1654 loco
1543 1612 1783 1666 bibliopeya
1813 1645 1824 1655 .
1837 1645 1847 1654 .
1863 1645 1873 1655 .
1886 1612 1951 1658 νός

209 1683 373 1723 tantum
391 1680 594 1736 reliquit).
615 1682 686 1730 32,
721 1678 936 1736 Κωμάζων
964 1679 1020 1721 ib.
1046 1682 1112 1730 78,
1132 1683 1200 1724 39.
1234 1683 1299 1730 79,
1321 1683 1361 1724 3.
1384 1683 1424 1731 4,
1456 1694 1585 1734 neque
1616 1680 1791 1723 additur
1819 1695 1950 1723 unum

207 1749 460 1804 eundemque
482 1762 580 1800 esse,
601 1748 843 1805 Εὐτυχιανὸς
862 1751 882 1791 ὁ
904 1750 969 1792 καὶ
987 1747 1203 1806 Κωμάζων
1220 1748 1308 1791 Dio
1326 1763 1354 1791 a
1368 1749 1597 1803 Xiphilino
1619 1750 1831 1792 breviatus
1847 1752 1912 1800 79,
1924 1753 1951 1791 4

208 1819 274 1874 (p.
297 1821 384 1861 347
411 1818 474 1861 ed.
501 1818 558 1860 R.
582 1818 821 1873 Stephan),
854 1818 1038 1872 fortasse
1069 1832 1120 1860 ex
1148 1817 1288 1859 codice
1318 1816 1476 1859 Dionis
1505 1818 1643 1872 mayis
1663 1818 1794 1873 pleno
1825 1832 1951 1873 quam

209 1886 441 1930 Vaticanus
465 1886 556 1943 (sed
575 1886 744 1929 dubitat
764 1887 838 1941 qui
857 1887 907 1929 de
938 1886 1027 1929 loco
1053 1886 1275 1941 Xiphilini
1301 1887 1466 1928 monuit
1484 1886 1767 1943 Boissevain),
1802 1887 1951 1944 Κωμά·

208 1961 288 2005 ζων
309 1956 399 1999 Dio
421 1956 591 2012 (Xiph.)
612 1959 679 2007 79,
701 1960 760 1999 21
781 1955 850 2008 (ex
869 1955 1002 2010 Xiph.
1023 1955 1182 2010 pendet
1203 1955 1363 2000 Zonar.
1392 1959 1462 2010 12,
1492 1959 1561 1998 13.
1586 1955 1669 2010 14).
1720 1957 1777 1999 In
1807 1971 1951 2000 consu-

210 2026 324 2069 latu:
354 2025 573 2069 Comazon
598 2025 666 2067 VI
678 2028 802 2069 2003.
825 2027 940 2067 3068
960 2024 1211 2067 Brambach
1231 2027 1351 2075 1138,
1383 2025 1483 2067 item
1505 2026 1713 2079 fastorum
1740 2026 1948 2078 laterculi,

209 2095 256 2137 P.
289 2094 491 2138 Valerius
533 2094 751 2138 Comazon
792 2094 920 2137 XIV
939 2097 1055 2138 2809
1096 2093 1233 2148 (lapis
1272 2094 1434 2148 inteyer
1474 2097 1514 2136 et
1553 2097 1692 2136 certae
1733 2094 1949 2148 lectionis),

209 2163 268 2208 M.
313 2163 444 2219 [Val.]
485 2163 704 2207 Comazon
748 2163 815 2206 VI
844 2165 928 2206 866
973 2163 1108 2218 (lapis
1152 2162 1327 2205 mutilus
1372 2166 1411 2205 ct
1452 2163 1516 2205 bis
1562 2166 1727 2205 tantum
1770 2164 1952 2207 saeculis

206 2233 431 2287 prioribus
467 2232 730 2286 descriptus),
773 2233 999 2275 Λολλουαλι
1039 2230 1256 2288 Κωμάζων
1296 2230 1385 2274 Dio
1416 2231 1504 2276 ind.
1537 2231 1562 2273 l.
1595 2234 1648 2274 79
1679 2229 1744 2284 (ut
1772 2235 1952 2275 testatur

210 2302 463 2346 Boissevain
487 2302 696 2344 Mnemos.
712 2315 805 2346 nov.
827 2314 909 2343 ser.
930 2304 995 2352 13,
1019 2303 1128 2344 1885
1140 2316 1189 2356 p.
1206 2304 1303 2351 320,
1332 2301 1406 2354 qui
1416 2303 1548 2356 putat
1568 2301 1792 2343 Λολλουαλι
1815 2304 1951 2343 ortum

211 2385 297 2414 esse
335 2386 387 2414 ex
426 2371 482 2414 M.
515 2370 672 2425 Οὐαλ.).
747 2371 796 2415 Ρ.
834 2385 1100 2425 praenomen
1145 2373 1285 2412 tuetur
1321 2368 1484 2412 Publia
1529 2369 1702 2412 Valeria
1738 2368 1949 2420 Comasia,

210 2441 307 2496 fllia
336 2441 427 2483 eius
455 2444 502 2483 ut
531 2440 709 2495 videtur,
742 2441 798 2494 cf.
829 2441 950 2494 infra
979 2443 1021 2482 n,
1054 2442 1134 2482 156
1165 2438 1405 2493 (utrumque
1438 2453 1700 2493 praenomen
1741 2439 1781 2481 ei
1818 2439 1951 2492 fuisse

211 2510 453 2565 suspicatur
482 2508 764 2564 Boissevain).

296 2579 505 2621 Libertus
544 2593 567 2619 e
608 2577 735 2620 domo
778 2577 979 2621 Caesaris
1011 2577 1108 2631 (τῶν
1140 2576 1393 2634 Καισαρείων
1424 2577 1496 2631 τις)
1528 2576 1617 2619 Dio
1658 2591 1686 2619 a
1724 2576 1951 2631 Xiphilino

214 2648 426 2690 breviatus
458 2650 523 2698 78,
547 2651 602 2690 31
623 2662 672 2702 p.
694 2650 776 2690 344
797 2647 943 2701 Steph.
971 2647 1039 2702 (ex
1068 2648 1145 2690 hoc
1176 2646 1337 2689 Zonar.
1360 2650 1430 2697 12,
1454 2648 1522 2703 13)
1553 2646 1691 2688 nescio
1723 2660 1777 2688 an
1810 2660 1952 2688 errore

213 2717 471 2772 excerptoris
501 2719 628 2772 (certe
646 2730 732 2759 non
753 2717 890 2771 ipsius
909 2716 1096 2770 Auyusti
1116 2715 1312 2758 libertum
1333 2729 1426 2758 eum
1447 2715 1581 2769 fuisse
1613 2714 1792 2757 ostendit
1817 2715 1952 2769 yenti'-

215 2785 389 2840 licium).
426 2786 478 2828 In
497 2785 678 2828 ludicris
700 2792 742 2827 et
762 2784 992 2842 palaestris
1014 2784 1239 2841 placuerat
1263 2784 1325 2840 (ἔν
1352 2802 1396 2827 τε
1422 2785 1623 2841 ἀθόρμασι
1650 2786 1716 2827 καὶ
1737 2785 1778 2827 ἐν
1803 2801 1950 2841 γυμνα·

215 2856 310 2902 σίοις
336 2854 499 2911 ἀρέσας)
530 2854 588 2896 ib.
610 2854 674 2909 (in
697 2853 840 2896 Dione
865 2853 976 2896 idem
996 2853 1228 2908 suppletur,
1260 2852 1334 2896 sed
1352 2854 1559 2895 incertum
1578 2866 1679 2894 num
1698 2855 1819 2902 recte,
1852 2866 1953 2894 nam

213 2924 260 2966 in
281 2922 420 2965 codice
437 2922 531 2966 Vat.
552 2922 656 2965 haec
678 2925 842 2964 tantum
862 2922 1014 2964 relicta
1035 2935 1120 2964 esse
1136 2922 1178 2965 ἐν
1198 2954 1304 2964 .....
1320 2923 1386 2964 καὶ
1402 2923 1444 2965 ἐν
1461 2938 1509 2977 γυ
1523 2954 1532 2963 .
1547 2953 1556 2962 .
1572 2953 1581 2963 .
1596 2953 1606 2963 .
1622 2935 1753 2974 neque
1768 2922 1953 2974 spatium

213 3004 429 3046 superesse
458 2991 660 3033 vocabulo
687 2991 835 3047 ἀρέσας
866 2994 1045 3032 testatur
1073 2990 1355 3045 Boissevain).
1415 2990 1578 3031 Mimus
1610 2996 1651 3031 et
1682 3004 1852 3043 scurra,
1892 2988 1951 3029 id-

214 3074 352 3117 eoque
390 3059 455 3115 (ἔκ
490 3077 534 3102 τε
571 3060 702 3116 μίμων
732 3061 798 3102 καὶ
828 3061 1131 3116 γελωτοποιίας)
1163 3059 1379 3102 Comazon
1418 3057 1660 3115 appellatus
1691 3057 1779 3100 Dio
1813 3060 1880 3107 79,
1914 3060 1950 3098 4.

214 3129 512 3172 Pantomimus
553 3130 627 3185 qui
670 3129 831 3171 Romae
870 3129 915 3169 in
957 3128 1125 3170 theatro
1167 3128 1405 3171 saltaverat
1444 3127 1718 3170 Herodianus
1756 3129 1795 3176 5,
1835 3129 1874 3177 7,
1911 3130 1949 3176 6,

214 3198 410 3241 similiter
449 3198 522 3240 vit.
563 3197 693 3252 Elay.
724 3201 793 3248 12,
829 3200 855 3239 1
896 3197 1042 3252 (neque
1080 3197 1150 3240 hic
1190 3211 1321 3252 neque
1360 3197 1450 3239 illic
1479 3209 1629 3238 nomen
1655 3195 1848 3249 ponitur,
1879 3195 1954 3237 sed

212 3267 378 3310 videtur
419 3266 661 3321 siqnificari
700 3265 940 3320 Comazon).
1002 3265 1190 3308 Famam
1221 3266 1270 3308 de
1299 3265 1554 3308 histrionica
1585 3264 1638 3306 ab
1671 3277 1716 3305 6ο
1752 3264 1953 3317 factitata

214 3350 264 3379 ex
292 3336 461 3378 nomine
488 3334 758 3378 Comazontis
789 3337 927 3376 ortam
958 3348 1043 3377 esse
1074 3335 1250 3377 coniecit
1269 3332 1522 3388 Hirschfeld
1551 3332 1682 3375 Verw.
1706 3346 1753 3385 p.
1777 3334 1874 3376 234.
1898 3356 1950 3361 -

217 3404 485 3448 Militaverat
505 3404 550 3446 in
570 3403 781 3458 Thraeia3
812 3418 839 3445 a
866 3402 1051 3446 Claudio
1073 3402 1220 3446 Attalo
1246 3403 1389 3458 legato
1421 3402 1696 3457 (temporibus
1722 3399 1950 3450 Commodi,

1604 3470 1675 3506 23*
