<?xml version="1.0" encoding="UTF-8"?>
<!DOCTYPE html PUBLIC "-//W3C//DTD XHTML 1.0 Transitional//EN"
    "http://www.w3.org/TR/xhtml1/DTD/xhtml1-transitional.dtd">
<html xmlns="http://www.w3.org/1999/xhtml" xml:lang="en" lang="en">
 <head>
  <title>
</title>
<meta http-equiv="Content-Type" content="text/html;charset=utf-8" />
  <meta name='ocr-system' content='tesseract 3.04.00' />
  <meta name='ocr-capabilities' content='ocr_page ocr_carea ocr_par ocr_line ocrx_word'/>
</head>
<body>
  <div class='ocr_page' id='page_1' title='image "./prosopographiaim03akaduoft_0373.png"; bbox 0 0 2242 3672; ppageno 0'>
   <div class='ocr_carea' id='block_1_1' title="bbox 150 243 1976 289">
    <p class='ocr_par' dir='ltr' id='par_1_1' title="bbox 150 243 1976 289">
     <span class='ocr_line' id='line_1_1' title="bbox 150 243 1976 289; baseline 0 -1"><span class='ocrx_word' id='word_1_1' title='bbox 150 251 403 289; x_wconf 86' lang='lat' dir='ltr'><em>VALERIVS</em></span> <span class='ocrx_word' id='word_1_2' title='bbox 1020 243 1103 287; x_wconf 85' lang='lat'><em>361</em></span> <span class='ocrx_word' id='word_1_3' title='bbox 1719 250 1976 288; x_wconf 80' lang='lat' dir='ltr'><em>VALERIVS&#39;</em></span> 
     </span>
    </p>
   </div>
   <div class='ocr_carea' id='block_1_2' title="bbox 1802 316 1970 320">
    <p class='ocr_par' dir='ltr' id='par_1_2' title="bbox 1802 316 1970 320">
     <span class='ocr_line' id='line_1_2' title="bbox 1802 316 1970 320; baseline 0 0"><span class='ocrx_word' id='word_1_4' title='bbox 1802 316 1970 320; x_wconf 95' lang='lat' dir='ltr'><em> </em></span> 
     </span>
    </p>
   </div>
   <div class='ocr_carea' id='block_1_3' title="bbox 151 381 1986 3407">
    <p class='ocr_par' dir='ltr' id='par_1_3' title="bbox 152 381 1979 1268">
     <span class='ocr_line' id='line_1_3' title="bbox 152 381 1971 438; baseline -0.001 -12"><span class='ocrx_word' id='word_1_5' title='bbox 152 382 208 427; x_wconf 86' lang='lat'><em>&#39;79</em></span> <span class='ocrx_word' id='word_1_6' title='bbox 238 391 291 426; x_wconf 89' lang='lat' dir='ltr'><em>M.</em></span> <span class='ocrx_word' id='word_1_7' title='bbox 322 390 576 425; x_wconf 85' lang='lat' dir='ltr'><em>VALERIVS</em></span> <span class='ocrx_word' id='word_1_8' title='bbox 607 389 944 425; x_wconf 85' lang='lat' dir='ltr'><em>MAXIMIANVS.</em></span> <span class='ocrx_word' id='word_1_9' title='bbox 992 382 1147 424; x_wconf 67' lang='lat' dir='ltr'><em>Tituli.-</em></span> <span class='ocrx_word' id='word_1_10' title='bbox 1176 381 1366 424; x_wconf 77' lang='lat' dir='ltr'><em>Dacious</em></span> <span class='ocrx_word' id='word_1_11' title='bbox 1396 382 1626 437; x_wconf 75' lang='lat' dir='ltr'><em>Apulensis</em></span> <span class='ocrx_word' id='word_1_12' title='bbox 1655 383 1743 426; x_wconf 94' lang='grc' dir='ltr'><em>ΙΙΙ</em></span> <span class='ocrx_word' id='word_1_13' title='bbox 1757 386 1878 426; x_wconf 72' lang='lat'><strong><em>1122</em></strong></span> <span class='ocrx_word' id='word_1_14' title='bbox 1899 382 1971 438; x_wconf 85' lang='lat'><em>(1),</em></span> 
     </span>
     <span class='ocr_line' id='line_1_4' title="bbox 239 450 1974 509; baseline -0.001 -13"><span class='ocrx_word' id='word_1_15' title='bbox 239 452 463 496; x_wconf 77' lang='lat' dir='ltr'><em>Numidici</em></span> <span class='ocrx_word' id='word_1_16' title='bbox 492 452 614 495; x_wconf 86' lang='lat' dir='ltr'><em>VIII</em></span> <span class='ocrx_word' id='word_1_17' title='bbox 636 455 753 495; x_wconf 90' lang='grc'><em>2621</em></span> <span class='ocrx_word' id='word_1_18' title='bbox 785 451 859 506; x_wconf 88' lang='grc'><em>(2).</em></span> <span class='ocrx_word' id='word_1_19' title='bbox 899 454 1013 495; x_wconf 86' lang='grc'><em>2698</em></span> <span class='ocrx_word' id='word_1_20' title='bbox 1041 453 1096 505; x_wconf 80' lang='lat' dir='ltr'><em>cf.</em></span> <span class='ocrx_word' id='word_1_21' title='bbox 1130 451 1188 493; x_wconf 81' lang='lat' dir='ltr'><em>ad</em></span> <span class='ocrx_word' id='word_1_22' title='bbox 1218 453 1362 494; x_wconf 91' lang='grc'><em>18247</em></span> <span class='ocrx_word' id='word_1_23' title='bbox 1390 452 1462 508; x_wconf 84' lang='grc'><em>(3).</em></span> <span class='ocrx_word' id='word_1_24' title='bbox 1500 455 1612 496; x_wconf 88' lang='grc'><em>2749</em></span> <span class='ocrx_word' id='word_1_25' title='bbox 1642 451 1716 509; x_wconf 85' lang='lat'><em>(4).</em></span> <span class='ocrx_word' id='word_1_26' title='bbox 1756 455 1871 495; x_wconf 83' lang='grc'><em>2777</em></span> <span class='ocrx_word' id='word_1_27' title='bbox 1900 450 1974 506; x_wconf 87' lang='lat'><em>(5).</em></span> 
     </span>
     <span class='ocr_line' id='line_1_5' title="bbox 234 519 1975 577; baseline -0.001 -12"><span class='ocrx_word' id='word_1_28' title='bbox 234 525 353 566; x_wconf 88' lang='grc'><em>4212</em></span> <span class='ocrx_word' id='word_1_29' title='bbox 382 522 456 577; x_wconf 87' lang='grc'><em>(6).</em></span> <span class='ocrx_word' id='word_1_30' title='bbox 495 524 608 564; x_wconf 88' lang='grc'><em>4234</em></span> <span class='ocrx_word' id='word_1_31' title='bbox 639 519 713 571; x_wconf 89' lang='grc'><em>(7).</em></span> <span class='ocrx_word' id='word_1_32' title='bbox 754 524 866 563; x_wconf 88' lang='grc'><em>4600</em></span> <span class='ocrx_word' id='word_1_33' title='bbox 896 521 970 577; x_wconf 87' lang='grc'><em>(8).</em></span> <span class='ocrx_word' id='word_1_34' title='bbox 1018 520 1142 562; x_wconf 91' lang='lat' dir='ltr'><em>VIII</em></span> <span class='ocrx_word' id='word_1_35' title='bbox 1164 520 1210 563; x_wconf 78' lang='lat' dir='ltr'><em>S.</em></span> <span class='ocrx_word' id='word_1_36' title='bbox 1243 523 1387 563; x_wconf 87' lang='grc'><em>18247</em></span> <span class='ocrx_word' id='word_1_37' title='bbox 1414 521 1487 576; x_wconf 62' lang='grc'><em>69).</em></span> <span class='ocrx_word' id='word_1_38' title='bbox 1531 547 1583 552; x_wconf 89' lang='lat'><em>——</em></span> <span class='ocrx_word' id='word_1_39' title='bbox 1626 520 1817 563; x_wconf 77' lang='lat' dir='ltr'><em>Nomina</em></span> <span class='ocrx_word' id='word_1_40' title='bbox 1850 520 1975 576; x_wconf 89' lang='lat' dir='ltr'><em>plene</em></span> 
     </span>
     <span class='ocr_line' id='line_1_6' title="bbox 236 589 1975 647; baseline -0.001 -13"><span class='ocrx_word' id='word_1_41' title='bbox 236 591 432 634; x_wconf 75' lang='lat' dir='ltr'><em>exhibent</em></span> <span class='ocrx_word' id='word_1_42' title='bbox 461 593 488 633; x_wconf 84' lang='lat' dir='ltr'><em>t.</em></span> <span class='ocrx_word' id='word_1_43' title='bbox 509 594 548 633; x_wconf 92' lang='lat'><em>1.</em></span> <span class='ocrx_word' id='word_1_44' title='bbox 570 594 614 634; x_wconf 90' lang='grc'><em>2.</em></span> <span class='ocrx_word' id='word_1_45' title='bbox 636 594 673 632; x_wconf 92' lang='lat'><em>6.</em></span> <span class='ocrx_word' id='word_1_46' title='bbox 699 593 735 632; x_wconf 83' lang='lat'><em>7.</em></span> <span class='ocrx_word' id='word_1_47' title='bbox 757 593 797 632; x_wconf 90' lang='grc'><em>8.</em></span> <span class='ocrx_word' id='word_1_48' title='bbox 859 590 917 632; x_wconf 93' lang='grc' dir='ltr'><em>Μ.</em></span> <span class='ocrx_word' id='word_1_49' title='bbox 950 589 1115 632; x_wconf 83' lang='lat' dir='ltr'><em>Valerii</em></span> <span class='ocrx_word' id='word_1_50' title='bbox 1148 589 1417 643; x_wconf 84' lang='lat' dir='ltr'><em>Maximiani,</em></span> <span class='ocrx_word' id='word_1_51' title='bbox 1452 589 1803 647; x_wconf 87' lang='lat' dir='ltr'><em>quinquennalis,</em></span> <span class='ocrx_word' id='word_1_52' title='bbox 1835 604 1975 632; x_wconf 86' lang='lat' dir='ltr'><em>sacer-</em></span> 
     </span>
     <span class='ocr_line' id='line_1_7' title="bbox 235 657 1976 715; baseline -0.001 -13"><span class='ocrx_word' id='word_1_53' title='bbox 235 659 392 703; x_wconf 88' lang='lat' dir='ltr'><em>dotalis</em></span> <span class='ocrx_word' id='word_1_54' title='bbox 435 659 573 713; x_wconf 82' lang='lat' dir='ltr'><em>filius3</em></span> <span class='ocrx_word' id='word_1_55' title='bbox 619 658 817 715; x_wconf 82' lang='lat' dir='ltr'><em>pontifex</em></span> <span class='ocrx_word' id='word_1_56' title='bbox 863 657 1059 700; x_wconf 89' lang='lat' dir='ltr'><em>coloniae</em></span> <span class='ocrx_word' id='word_1_57' title='bbox 1098 659 1508 701; x_wconf 88' lang='lat' dir='ltr'><em>Poetovionensium</em></span> <span class='ocrx_word' id='word_1_58' title='bbox 1549 660 1651 714; x_wconf 90' lang='lat' dir='ltr'><em>(nisi</em></span> <span class='ocrx_word' id='word_1_59' title='bbox 1695 659 1772 702; x_wconf 88' lang='lat' dir='ltr'><em>hoc</em></span> <span class='ocrx_word' id='word_1_60' title='bbox 1815 673 1976 713; x_wconf 82' lang='lat' dir='ltr'><em>quoque</em></span> 
     </span>
     <span class='ocr_line' id='line_1_8' title="bbox 234 727 1976 784; baseline -0.001 -12"><span class='ocrx_word' id='word_1_61' title='bbox 234 732 395 784; x_wconf 86' lang='lat' dir='ltr'><em>spectat</em></span> <span class='ocrx_word' id='word_1_62' title='bbox 426 729 485 771; x_wconf 86' lang='lat' dir='ltr'><em>ad</em></span> <span class='ocrx_word' id='word_1_63' title='bbox 504 728 694 784; x_wconf 87' lang='lat' dir='ltr'><em>patrem)</em></span> <span class='ocrx_word' id='word_1_64' title='bbox 726 732 752 770; x_wconf 93' lang='lat' dir='ltr'><em>t.</em></span> <span class='ocrx_word' id='word_1_65' title='bbox 786 731 826 770; x_wconf 88' lang='grc'><em>8.</em></span> <span class='ocrx_word' id='word_1_66' title='bbox 874 729 1066 783; x_wconf 89' lang='lat' dir='ltr'><em>Legatus</em></span> <span class='ocrx_word' id='word_1_67' title='bbox 1097 727 1210 783; x_wconf 86' lang='lat' dir='ltr'><em>Aug.</em></span> <span class='ocrx_word' id='word_1_68' title='bbox 1243 728 1444 784; x_wconf 75' lang='lat' dir='ltr'><em>(leyionis</em></span> <span class='ocrx_word' id='word_1_69' title='bbox 1465 732 1588 783; x_wconf 89' lang='lat' dir='ltr'><em>puto,</em></span> <span class='ocrx_word' id='word_1_70' title='bbox 1619 743 1705 771; x_wconf 93' lang='lat' dir='ltr'><em>non</em></span> <span class='ocrx_word' id='word_1_71' title='bbox 1726 729 1976 783; x_wconf 85' lang='lat' dir='ltr'><em>provinciae</em></span> 
     </span>
     <span class='ocr_line' id='line_1_9' title="bbox 235 795 1974 854; baseline -0.001 -13"><span class='ocrx_word' id='word_1_72' title='bbox 235 797 416 848; x_wconf 83' lang='lat' dir='ltr'><em>Daciae,</em></span> <span class='ocrx_word' id='word_1_73' title='bbox 447 799 551 852; x_wconf 78' lang='lat' dir='ltr'><em>quia</em></span> <span class='ocrx_word' id='word_1_74' title='bbox 573 798 872 852; x_wconf 75' lang='lat' dir='ltr'><em>propraetoris</em></span> <span class='ocrx_word' id='word_1_75' title='bbox 900 797 1150 839; x_wconf 73' lang='lat' dir='ltr'><em>vocabulum</em></span> <span class='ocrx_word' id='word_1_76' title='bbox 1170 812 1255 840; x_wconf 88' lang='lat' dir='ltr'><em>non</em></span> <span class='ocrx_word' id='word_1_77' title='bbox 1276 797 1467 854; x_wconf 80' lang='lat' dir='ltr'><em>additur)</em></span> <span class='ocrx_word' id='word_1_78' title='bbox 1499 801 1527 842; x_wconf 90' lang='lat' dir='ltr'><em>t.</em></span> <span class='ocrx_word' id='word_1_79' title='bbox 1549 801 1588 840; x_wconf 85' lang='lat'><em>1.</em></span> <span class='ocrx_word' id='word_1_80' title='bbox 1644 797 1837 852; x_wconf 85' lang='lat' dir='ltr'><em>Legatus</em></span> <span class='ocrx_word' id='word_1_81' title='bbox 1858 795 1974 851; x_wconf 88' lang='lat' dir='ltr'><em>Aug.</em></span> 
     </span>
     <span class='ocr_line' id='line_1_10' title="bbox 234 865 1974 922; baseline -0.001 -13"><span class='ocrx_word' id='word_1_82' title='bbox 234 867 417 922; x_wconf 86' lang='lat' dir='ltr'><em>legionis</em></span> <span class='ocrx_word' id='word_1_83' title='bbox 443 867 596 908; x_wconf 78' lang='lat' dir='ltr'><em>tertiae</em></span> <span class='ocrx_word' id='word_1_84' title='bbox 620 865 851 920; x_wconf 83' lang='lat' dir='ltr'><em>Augustae</em></span> <span class='ocrx_word' id='word_1_85' title='bbox 872 881 950 922; x_wconf 88' lang='lat' dir='ltr'><em>pro</em></span> <span class='ocrx_word' id='word_1_86' title='bbox 972 881 1036 922; x_wconf 90' lang='lat' dir='ltr'><em>pr.</em></span> <span class='ocrx_word' id='word_1_87' title='bbox 1060 869 1086 908; x_wconf 91' lang='lat' dir='ltr'><em>t.</em></span> <span class='ocrx_word' id='word_1_88' title='bbox 1109 870 1153 909; x_wconf 89' lang='grc'><em>2.</em></span> <span class='ocrx_word' id='word_1_89' title='bbox 1174 870 1213 908; x_wconf 91' lang='grc'><em>4.</em></span> <span class='ocrx_word' id='word_1_90' title='bbox 1236 871 1274 909; x_wconf 91' lang='grc'><em>6.</em></span> <span class='ocrx_word' id='word_1_91' title='bbox 1294 869 1324 909; x_wconf 91' lang='grc'><em>8</em></span> <span class='ocrx_word' id='word_1_92' title='bbox 1354 867 1408 920; x_wconf 84' lang='lat' dir='ltr'><em>cf.</em></span> <span class='ocrx_word' id='word_1_93' title='bbox 1442 870 1469 908; x_wconf 87' lang='lat' dir='ltr'><em>t.</em></span> <span class='ocrx_word' id='word_1_94' title='bbox 1491 870 1530 909; x_wconf 93' lang='lat'><em>3.</em></span> <span class='ocrx_word' id='word_1_95' title='bbox 1552 871 1591 917; x_wconf 88' lang='grc'><em>9,</em></span> <span class='ocrx_word' id='word_1_96' title='bbox 1622 881 1794 922; x_wconf 84' lang='lat' dir='ltr'><em>praeses</em></span> <span class='ocrx_word' id='word_1_97' title='bbox 1824 869 1851 910; x_wconf 90' lang='lat' dir='ltr'><em>t.</em></span> <span class='ocrx_word' id='word_1_98' title='bbox 1873 869 1910 908; x_wconf 88' lang='grc'><em>4.</em></span> <span class='ocrx_word' id='word_1_99' title='bbox 1933 868 1974 915; x_wconf 89' lang='grc'><em>8,</em></span> 
     </span>
     <span class='ocr_line' id='line_1_11' title="bbox 237 933 1979 990; baseline -0.002 -12"><span class='ocrx_word' id='word_1_100' title='bbox 237 936 316 978; x_wconf 91' lang='lat' dir='ltr'><em>sub</em></span> <span class='ocrx_word' id='word_1_101' title='bbox 338 934 574 979; x_wconf 82' lang='lat' dir='ltr'><em>Commodo</em></span> <span class='ocrx_word' id='word_1_102' title='bbox 608 938 635 976; x_wconf 92' lang='lat' dir='ltr'><em>t.</em></span> <span class='ocrx_word' id='word_1_103' title='bbox 656 938 695 977; x_wconf 88' lang='lat'><em>3.</em></span> <span class='ocrx_word' id='word_1_104' title='bbox 718 938 744 977; x_wconf 92' lang='lat'><em>6</em></span> <span class='ocrx_word' id='word_1_105' title='bbox 774 935 868 990; x_wconf 79' lang='lat' dir='ltr'><em>(ubi</em></span> <span class='ocrx_word' id='word_1_106' title='bbox 895 949 932 977; x_wconf 83' lang='lat' dir='ltr'><em>v.</em></span> <span class='ocrx_word' id='word_1_107' title='bbox 955 938 980 976; x_wconf 87' lang='lat'><strong><em>1</em></strong></span> <span class='ocrx_word' id='word_1_108' title='bbox 1013 936 1067 977; x_wconf 83' lang='lat' dir='ltr'><em>ab</em></span> <span class='ocrx_word' id='word_1_109' title='bbox 1097 936 1222 977; x_wconf 85' lang='lat' dir='ltr'><em>initio</em></span> <span class='ocrx_word' id='word_1_110' title='bbox 1252 936 1385 989; x_wconf 81' lang='lat' dir='ltr'><em>fuisse</em></span> <span class='ocrx_word' id='word_1_111' title='bbox 1406 935 1652 990; x_wconf 86' lang='lat' dir='ltr'><em>putandum</em></span> <span class='ocrx_word' id='word_1_112' title='bbox 1672 938 1733 978; x_wconf 91' lang='lat' dir='ltr'><em>est</em></span> <span class='ocrx_word' id='word_1_113' title='bbox 1759 933 1979 977; x_wconf 80' lang='lat' dir='ltr'><em>Commodi</em></span> 
     </span>
     <span class='ocr_line' id='line_1_12' title="bbox 234 1003 1976 1058; baseline -0.002 -10"><span class='ocrx_word' id='word_1_114' title='bbox 234 1019 397 1055; x_wconf 85' lang='lat' dir='ltr'><em>nomen,</em></span> <span class='ocrx_word' id='word_1_115' title='bbox 429 1003 503 1046; x_wconf 89' lang='lat' dir='ltr'><em>sed</em></span> <span class='ocrx_word' id='word_1_116' title='bbox 522 1018 607 1045; x_wconf 92' lang='lat' dir='ltr'><em>non</em></span> <span class='ocrx_word' id='word_1_117' title='bbox 629 1003 727 1057; x_wconf 81' lang='lat' dir='ltr'><em>divi,</em></span> <span class='ocrx_word' id='word_1_118' title='bbox 759 1003 807 1045; x_wconf 84' lang='lat' dir='ltr'><em>id</em></span> <span class='ocrx_word' id='word_1_119' title='bbox 836 1017 1004 1045; x_wconf 81' lang='lat' dir='ltr'><em>erasum</em></span> <span class='ocrx_word' id='word_1_120' title='bbox 1027 1018 1066 1045; x_wconf 92' lang='lat' dir='ltr'><em>a.</em></span> <span class='ocrx_word' id='word_1_121' title='bbox 1088 1007 1182 1053; x_wconf 86' lang='lat'><strong><em>193,</em></strong></span> <span class='ocrx_word' id='word_1_122' title='bbox 1213 1017 1364 1046; x_wconf 89' lang='lat' dir='ltr'><em>rursus</em></span> <span class='ocrx_word' id='word_1_123' title='bbox 1395 1007 1577 1058; x_wconf 88' lang='lat' dir='ltr'><em>tempore</em></span> <span class='ocrx_word' id='word_1_124' title='bbox 1607 1004 1826 1046; x_wconf 87' lang='lat' dir='ltr'><em>interiecto</em></span> <span class='ocrx_word' id='word_1_125' title='bbox 1855 1003 1976 1045; x_wconf 90' lang='lat' dir='ltr'><em>resti-</em></span> 
     </span>
     <span class='ocr_line' id='line_1_13' title="bbox 237 1071 1975 1128; baseline -0.002 -12"><span class='ocrx_word' id='word_1_126' title='bbox 237 1073 404 1128; x_wconf 87' lang='lat' dir='ltr'><em>tutum).</em></span> <span class='ocrx_word' id='word_1_127' title='bbox 435 1076 474 1115; x_wconf 88' lang='lat'><em>9.</em></span> <span class='ocrx_word' id='word_1_128' title='bbox 531 1071 691 1115; x_wconf 85' lang='lat' dir='ltr'><em>Consul</em></span> <span class='ocrx_word' id='word_1_129' title='bbox 721 1071 977 1127; x_wconf 87' lang='lat' dir='ltr'><em>designatus</em></span> <span class='ocrx_word' id='word_1_130' title='bbox 1015 1075 1043 1114; x_wconf 88' lang='lat' dir='ltr'><em>t.</em></span> <span class='ocrx_word' id='word_1_131' title='bbox 1070 1075 1111 1116; x_wconf 83' lang='lat'><em>8.</em></span> <span class='ocrx_word' id='word_1_132' title='bbox 1169 1071 1331 1115; x_wconf 84' lang='lat' dir='ltr'><em>Consul</em></span> <span class='ocrx_word' id='word_1_133' title='bbox 1365 1076 1391 1115; x_wconf 87' lang='lat' dir='ltr'><em>t.</em></span> <span class='ocrx_word' id='word_1_134' title='bbox 1426 1077 1469 1116; x_wconf 92' lang='grc'><em>2.</em></span> <span class='ocrx_word' id='word_1_135' title='bbox 1500 1077 1539 1115; x_wconf 93' lang='lat'><em>4.</em></span> <span class='ocrx_word' id='word_1_136' title='bbox 1573 1076 1610 1115; x_wconf 82' lang='lat'><em>7.</em></span> <span class='ocrx_word' id='word_1_137' title='bbox 1636 1097 1693 1103; x_wconf 91' lang='lat'><em>-—</em></span> <span class='ocrx_word' id='word_1_138' title='bbox 1718 1072 1975 1114; x_wconf 85' lang='lat' dir='ltr'><em>Maximiani</em></span> 
     </span>
     <span class='ocr_line' id='line_1_14' title="bbox 236 1140 1973 1199; baseline -0.002 -14"><span class='ocrx_word' id='word_1_139' title='bbox 236 1142 385 1199; x_wconf 87' lang='lat' dir='ltr'><em>(huius</em></span> <span class='ocrx_word' id='word_1_140' title='bbox 423 1144 472 1184; x_wconf 89' lang='lat' dir='ltr'><em>ut</em></span> <span class='ocrx_word' id='word_1_141' title='bbox 504 1140 686 1195; x_wconf 83' lang='lat' dir='ltr'><em>videtur)</em></span> <span class='ocrx_word' id='word_1_142' title='bbox 725 1140 950 1182; x_wconf 83' lang='lat' dir='ltr'><em>clarissimi</em></span> <span class='ocrx_word' id='word_1_143' title='bbox 991 1141 1075 1182; x_wconf 88' lang='lat' dir='ltr'><em>viri</em></span> <span class='ocrx_word' id='word_1_144' title='bbox 1119 1140 1351 1196; x_wconf 87' lang='lat' dir='ltr'><em>ads[ess]or</em></span> <span class='ocrx_word' id='word_1_145' title='bbox 1390 1141 1547 1198; x_wconf 88' lang='lat' dir='ltr'><em>aliquis</em></span> <span class='ocrx_word' id='word_1_146' title='bbox 1588 1145 1616 1183; x_wconf 91' lang='lat' dir='ltr'><em>t.</em></span> <span class='ocrx_word' id='word_1_147' title='bbox 1652 1144 1692 1186; x_wconf 86' lang='lat'><em>5.</em></span> <span class='ocrx_word' id='word_1_148' title='bbox 1734 1165 1791 1170; x_wconf 91' lang='lat'>—</span> <span class='ocrx_word' id='word_1_149' title='bbox 1828 1141 1973 1184; x_wconf 88' lang='lat' dir='ltr'><em>Uxor:</em></span> 
     </span>
     <span class='ocr_line' id='line_1_15' title="bbox 239 1209 856 1268; baseline -0.005 -14"><span class='ocrx_word' id='word_1_150' title='bbox 239 1211 374 1268; x_wconf 83' lang='lat' dir='ltr'><em>Ulpia</em></span> <span class='ocrx_word' id='word_1_151' title='bbox 402 1209 650 1253; x_wconf 88' lang='lat' dir='ltr'><em>Aristonice</em></span> <span class='ocrx_word' id='word_1_152' title='bbox 682 1212 710 1252; x_wconf 94' lang='lat' dir='ltr'><em>t.</em></span> <span class='ocrx_word' id='word_1_153' title='bbox 740 1213 785 1254; x_wconf 89' lang='grc'><em>2.</em></span> <span class='ocrx_word' id='word_1_154' title='bbox 818 1212 856 1252; x_wconf 94' lang='grc'><strong><em>7.</em></strong></span> 
     </span>
    </p>

    <p class='ocr_par' dir='ltr' id='par_1_4' title="bbox 151 1278 1808 1334">
     <span class='ocr_line' id='line_1_16' title="bbox 151 1278 1808 1334; baseline -0.002 -10"><span class='ocrx_word' id='word_1_155' title='bbox 151 1282 208 1324; x_wconf 87' lang='grc'><em>80</em></span> <span class='ocrx_word' id='word_1_156' title='bbox 237 1280 296 1323; x_wconf 89' lang='grc' dir='ltr'><strong><em>Μ.</em></strong></span> <span class='ocrx_word' id='word_1_157' title='bbox 326 1278 531 1323; x_wconf 88' lang='lat' dir='ltr'><em>Valerius</em></span> <span class='ocrx_word' id='word_1_158' title='bbox 562 1279 870 1333; x_wconf 81' lang='lat' dir='ltr'><em>Maximianus,</em></span> <span class='ocrx_word' id='word_1_159' title='bbox 903 1283 1028 1334; x_wconf 83' lang='lat' dir='ltr'><em>pater</em></span> <span class='ocrx_word' id='word_1_160' title='bbox 1059 1279 1150 1320; x_wconf 87' lang='lat' dir='ltr'><em>eius</em></span> <span class='ocrx_word' id='word_1_161' title='bbox 1180 1279 1256 1334; x_wconf 92' lang='lat' dir='ltr'><em>qui</em></span> <span class='ocrx_word' id='word_1_162' title='bbox 1287 1279 1510 1334; x_wconf 86' lang='lat' dir='ltr'><em>praecedit</em></span> <span class='ocrx_word' id='word_1_163' title='bbox 1541 1279 1664 1321; x_wconf 91' lang='lat' dir='ltr'><em>VIII</em></span> <span class='ocrx_word' id='word_1_164' title='bbox 1686 1283 1808 1321; x_wconf 86' lang='lat'><em>4600.</em></span> 
     </span>
    </p>

    <p class='ocr_par' dir='ltr' id='par_1_5' title="bbox 151 1347 1983 2022">
     <span class='ocr_line' id='line_1_17' title="bbox 152 1347 1978 1404; baseline -0.002 -12"><span class='ocrx_word' id='word_1_165' title='bbox 152 1351 204 1393; x_wconf 85' lang='lat'><em>81</em></span> <span class='ocrx_word' id='word_1_166' title='bbox 238 1355 492 1391; x_wconf 88' lang='lat' dir='ltr'><em>VALERIVS</em></span> <span class='ocrx_word' id='word_1_167' title='bbox 523 1354 757 1390; x_wconf 86' lang='lat' dir='ltr'><strong>MAXIMVS</strong></span> <span class='ocrx_word' id='word_1_168' title='bbox 797 1347 1044 1404; x_wconf 83' lang='lat' dir='ltr'><em>praefectus</em></span> <span class='ocrx_word' id='word_1_169' title='bbox 1076 1347 1173 1389; x_wconf 87' lang='lat' dir='ltr'><em>urbi</em></span> <span class='ocrx_word' id='word_1_170' title='bbox 1210 1363 1248 1389; x_wconf 90' lang='lat' dir='ltr'><em>a.</em></span> <span class='ocrx_word' id='word_1_171' title='bbox 1281 1349 1364 1390; x_wconf 87' lang='grc'><em>255</em></span> <span class='ocrx_word' id='word_1_172' title='bbox 1395 1348 1628 1391; x_wconf 77' lang='lat' dir='ltr'><em>laterculus</em></span> <span class='ocrx_word' id='word_1_173' title='bbox 1657 1348 1978 1402; x_wconf 74' lang='lat' dir='ltr'><em>praefectorum</em></span> 
     </span>
     <span class='ocr_line' id='line_1_18' title="bbox 237 1416 1920 1473; baseline 0 -12"><span class='ocrx_word' id='word_1_174' title='bbox 237 1419 371 1469; x_wconf 86' lang='lat' dir='ltr'><em>urbis,</em></span> <span class='ocrx_word' id='word_1_175' title='bbox 405 1432 473 1473; x_wconf 88' lang='lat' dir='ltr'><em>ap.</em></span> <span class='ocrx_word' id='word_1_176' title='bbox 503 1416 886 1472; x_wconf 73' lang='lat' dir='ltr'><em>Chronoyraphum</em></span> <span class='ocrx_word' id='word_1_177' title='bbox 917 1417 1025 1458; x_wconf 89' lang='lat' dir='ltr'><em>anni</em></span> <span class='ocrx_word' id='word_1_178' title='bbox 1051 1419 1131 1459; x_wconf 86' lang='grc'><em>354</em></span> <span class='ocrx_word' id='word_1_179' title='bbox 1162 1417 1378 1471; x_wconf 86' lang='lat' dir='ltr'><em>(Momms.</em></span> <span class='ocrx_word' id='word_1_180' title='bbox 1411 1417 1554 1459; x_wconf 89' lang='lat' dir='ltr'><em>chron.</em></span> <span class='ocrx_word' id='word_1_181' title='bbox 1586 1417 1688 1459; x_wconf 87' lang='lat' dir='ltr'><em>min.</em></span> <span class='ocrx_word' id='word_1_182' title='bbox 1719 1418 1753 1459; x_wconf 95' lang='lat' dir='ltr'><em>I</em></span> <span class='ocrx_word' id='word_1_183' title='bbox 1768 1432 1816 1471; x_wconf 89' lang='lat' dir='ltr'><em>p.</em></span> <span class='ocrx_word' id='word_1_184' title='bbox 1838 1416 1920 1471; x_wconf 90' lang='lat'><em>65).</em></span> 
     </span>
     <span class='ocr_line' id='line_1_19' title="bbox 151 1484 1978 1541; baseline -0.003 -9"><span class='ocrx_word' id='word_1_185' title='bbox 151 1490 206 1532; x_wconf 87' lang='grc'><em>82</em></span> <span class='ocrx_word' id='word_1_186' title='bbox 236 1487 440 1531; x_wconf 88' lang='lat' dir='ltr'><em>Valerius</em></span> <span class='ocrx_word' id='word_1_187' title='bbox 470 1486 712 1540; x_wconf 82' lang='lat' dir='ltr'><em>Maximus,</em></span> <span class='ocrx_word' id='word_1_188' title='bbox 751 1484 923 1528; x_wconf 90' lang='lat' dir='ltr'><em>modica</em></span> <span class='ocrx_word' id='word_1_189' title='bbox 961 1485 1136 1527; x_wconf 87' lang='lat' dir='ltr'><em>fortuna</em></span> <span class='ocrx_word' id='word_1_190' title='bbox 1171 1486 1262 1540; x_wconf 88' lang='lat' dir='ltr'><em>ipse</em></span> <span class='ocrx_word' id='word_1_191' title='bbox 1291 1489 1336 1536; x_wconf 84' lang='lat'><em>4,</em></span> <span class='ocrx_word' id='word_1_192' title='bbox 1369 1489 1418 1536; x_wconf 88' lang='grc'><em>4,</em></span> <span class='ocrx_word' id='word_1_193' title='bbox 1450 1489 1528 1536; x_wconf 91' lang='grc'><em>11,</em></span> <span class='ocrx_word' id='word_1_194' title='bbox 1574 1485 1676 1530; x_wconf 78' lang='lat' dir='ltr'><em>SeX.</em></span> <span class='ocrx_word' id='word_1_195' title='bbox 1719 1486 1978 1541; x_wconf 89' lang='lat' dir='ltr'><em>Pompeium</em></span> 
     </span>
     <span class='ocr_line' id='line_1_20' title="bbox 239 1554 1977 1611; baseline -0.003 -11"><span class='ocrx_word' id='word_1_196' title='bbox 239 1557 468 1611; x_wconf 84' lang='lat' dir='ltr'><em>(consulem</em></span> <span class='ocrx_word' id='word_1_197' title='bbox 498 1571 538 1598; x_wconf 88' lang='lat' dir='ltr'><em>a.</em></span> <span class='ocrx_word' id='word_1_198' title='bbox 561 1570 611 1610; x_wconf 85' lang='lat' dir='ltr'><em>p.</em></span> <span class='ocrx_word' id='word_1_199' title='bbox 640 1554 745 1598; x_wconf 82' lang='lat' dir='ltr'><em>Chr.</em></span> <span class='ocrx_word' id='word_1_200' title='bbox 767 1557 837 1611; x_wconf 79' lang='lat'><em>14)</em></span> <span class='ocrx_word' id='word_1_201' title='bbox 870 1555 1101 1597; x_wconf 84' lang='lat' dir='ltr'><em>comitatur</em></span> <span class='ocrx_word' id='word_1_202' title='bbox 1132 1556 1177 1596; x_wconf 91' lang='lat' dir='ltr'><em>in</em></span> <span class='ocrx_word' id='word_1_203' title='bbox 1208 1554 1357 1597; x_wconf 86' lang='lat' dir='ltr'><em>Asiam</em></span> <span class='ocrx_word' id='word_1_204' title='bbox 1378 1559 1421 1606; x_wconf 91' lang='grc'><em>2,</em></span> <span class='ocrx_word' id='word_1_205' title='bbox 1443 1558 1480 1605; x_wconf 88' lang='grc'><em>6,</em></span> <span class='ocrx_word' id='word_1_206' title='bbox 1502 1557 1543 1609; x_wconf 78' lang='grc'><em>8,</em></span> <span class='ocrx_word' id='word_1_207' title='bbox 1576 1554 1763 1596; x_wconf 90' lang='lat' dir='ltr'><em>eundem</em></span> <span class='ocrx_word' id='word_1_208' title='bbox 1793 1560 1842 1595; x_wconf 90' lang='lat' dir='ltr'><em>ut</em></span> <span class='ocrx_word' id='word_1_209' title='bbox 1871 1555 1977 1595; x_wconf 86' lang='lat' dir='ltr'><em>ami-</em></span> 
     </span>
     <span class='ocr_line' id='line_1_21' title="bbox 239 1622 1982 1682; baseline -0.003 -13"><span class='ocrx_word' id='word_1_210' title='bbox 239 1641 340 1669; x_wconf 90' lang='lat' dir='ltr'><em>cum</em></span> <span class='ocrx_word' id='word_1_211' title='bbox 380 1632 424 1668; x_wconf 91' lang='lat' dir='ltr'><em>et</em></span> <span class='ocrx_word' id='word_1_212' title='bbox 463 1631 695 1682; x_wconf 86' lang='lat' dir='ltr'><em>patronum</em></span> <span class='ocrx_word' id='word_1_213' title='bbox 736 1639 862 1666; x_wconf 92' lang='lat' dir='ltr'><em>suum</em></span> <span class='ocrx_word' id='word_1_214' title='bbox 903 1622 1094 1666; x_wconf 87' lang='lat' dir='ltr'><em>celebrat</em></span> <span class='ocrx_word' id='word_1_215' title='bbox 1121 1626 1161 1674; x_wconf 88' lang='grc'><em>4,</em></span> <span class='ocrx_word' id='word_1_216' title='bbox 1196 1627 1224 1665; x_wconf 90' lang='grc'><em>7</em></span> <span class='ocrx_word' id='word_1_217' title='bbox 1250 1626 1331 1666; x_wconf 75' lang='lat' dir='ltr'><em>ext.</em></span> <span class='ocrx_word' id='word_1_218' title='bbox 1363 1627 1406 1667; x_wconf 88' lang='grc'><em>2.</em></span> <span class='ocrx_word' id='word_1_219' title='bbox 1468 1623 1653 1679; x_wconf 83' lang='lat' dir='ltr'><em>Scripsit</em></span> <span class='ocrx_word' id='word_1_220' title='bbox 1693 1622 1907 1665; x_wconf 86' lang='lat' dir='ltr'><em>factorum</em></span> <span class='ocrx_word' id='word_1_221' title='bbox 1938 1629 1982 1663; x_wconf 90' lang='lat' dir='ltr'><em>et</em></span> 
     </span>
     <span class='ocr_line' id='line_1_22' title="bbox 239 1691 1979 1748; baseline -0.003 -10"><span class='ocrx_word' id='word_1_222' title='bbox 239 1695 456 1738; x_wconf 83' lang='lat' dir='ltr'><em>dictorum</em></span> <span class='ocrx_word' id='word_1_223' title='bbox 496 1692 841 1736; x_wconf 81' lang='lat' dir='ltr'><em>memorabilium</em></span> <span class='ocrx_word' id='word_1_224' title='bbox 880 1692 1015 1735; x_wconf 88' lang='lat' dir='ltr'><em>libros</em></span> <span class='ocrx_word' id='word_1_225' title='bbox 1052 1707 1208 1734; x_wconf 90' lang='lat' dir='ltr'><em>novem</em></span> <span class='ocrx_word' id='word_1_226' title='bbox 1249 1692 1418 1748; x_wconf 88' lang='lat' dir='ltr'><em>(decem</em></span> <span class='ocrx_word' id='word_1_227' title='bbox 1450 1692 1590 1734; x_wconf 87' lang='lat' dir='ltr'><em>Iulius</em></span> <span class='ocrx_word' id='word_1_228' title='bbox 1617 1691 1751 1734; x_wconf 89' lang='lat' dir='ltr'><em>Paris</em></span> <span class='ocrx_word' id='word_1_229' title='bbox 1781 1692 1827 1733; x_wconf 92' lang='lat' dir='ltr'><em>in</em></span> <span class='ocrx_word' id='word_1_230' title='bbox 1849 1705 1979 1745; x_wconf 88' lang='lat' dir='ltr'><em>prae-</em></span> 
     </span>
     <span class='ocr_line' id='line_1_23' title="bbox 239 1760 1983 1819; baseline -0.003 -12"><span class='ocrx_word' id='word_1_231' title='bbox 239 1765 403 1819; x_wconf 81' lang='lat' dir='ltr'><em>fatione</em></span> <span class='ocrx_word' id='word_1_232' title='bbox 433 1764 639 1818; x_wconf 83' lang='lat' dir='ltr'><em>epitomae</em></span> <span class='ocrx_word' id='word_1_233' title='bbox 669 1777 796 1817; x_wconf 79' lang='lat' dir='ltr'><em>quam</em></span> <span class='ocrx_word' id='word_1_234' title='bbox 826 1763 946 1817; x_wconf 81' lang='lat' dir='ltr'><em>fecit)</em></span> <span class='ocrx_word' id='word_1_235' title='bbox 976 1764 1051 1818; x_wconf 86' lang='lat' dir='ltr'><em>qui</em></span> <span class='ocrx_word' id='word_1_236' title='bbox 1084 1767 1258 1804; x_wconf 88' lang='lat' dir='ltr'><em>extant:</em></span> <span class='ocrx_word' id='word_1_237' title='bbox 1299 1761 1455 1804; x_wconf 92' lang='lat' dir='ltr'><em>horum</em></span> <span class='ocrx_word' id='word_1_238' title='bbox 1495 1766 1668 1803; x_wconf 86' lang='lat' dir='ltr'><em>sextum</em></span> <span class='ocrx_word' id='word_1_239' title='bbox 1709 1760 1846 1802; x_wconf 87' lang='lat' dir='ltr'><em>edidit</em></span> <span class='ocrx_word' id='word_1_240' title='bbox 1879 1761 1983 1801; x_wconf 88' lang='lat' dir='ltr'><em>viva</em></span> 
     </span>
     <span class='ocr_line' id='line_1_24' title="bbox 241 1829 1982 1888; baseline -0.003 -13"><span class='ocrx_word' id='word_1_241' title='bbox 241 1833 372 1875; x_wconf 83' lang='lat' dir='ltr'><em>Livia</em></span> <span class='ocrx_word' id='word_1_242' title='bbox 410 1833 456 1886; x_wconf 89' lang='lat' dir='ltr'><em>(i.</em></span> <span class='ocrx_word' id='word_1_243' title='bbox 490 1847 526 1874; x_wconf 88' lang='lat' dir='ltr'><em>e.</em></span> <span class='ocrx_word' id='word_1_244' title='bbox 567 1847 654 1875; x_wconf 92' lang='lat' dir='ltr'><em>non</em></span> <span class='ocrx_word' id='word_1_245' title='bbox 695 1838 795 1888; x_wconf 83' lang='lat' dir='ltr'><em>post</em></span> <span class='ocrx_word' id='word_1_246' title='bbox 834 1846 997 1874; x_wconf 90' lang='lat' dir='ltr'><em>annum</em></span> <span class='ocrx_word' id='word_1_247' title='bbox 1030 1831 1104 1885; x_wconf 85' lang='lat'><em>29)</em></span> <span class='ocrx_word' id='word_1_248' title='bbox 1145 1835 1194 1882; x_wconf 91' lang='grc'><em>6,</em></span> <span class='ocrx_word' id='word_1_249' title='bbox 1234 1834 1260 1873; x_wconf 92' lang='grc'><em>1</em></span> <span class='ocrx_word' id='word_1_250' title='bbox 1297 1832 1413 1881; x_wconf 65' lang='lat' dir='ltr'><em>inu„</em></span> <span class='ocrx_word' id='word_1_251' title='bbox 1461 1845 1624 1873; x_wconf 90' lang='lat' dir='ltr'><em>nonum</em></span> <span class='ocrx_word' id='word_1_252' title='bbox 1665 1836 1762 1886; x_wconf 88' lang='lat' dir='ltr'><em>post</em></span> <span class='ocrx_word' id='word_1_253' title='bbox 1805 1829 1982 1871; x_wconf 86' lang='lat' dir='ltr'><em>caedem</em></span> 
     </span>
     <span class='ocr_line' id='line_1_25' title="bbox 244 1897 1982 1956; baseline -0.003 -12"><span class='ocrx_word' id='word_1_254' title='bbox 244 1901 391 1945; x_wconf 88' lang='lat' dir='ltr'><em>Seiani</em></span> <span class='ocrx_word' id='word_1_255' title='bbox 430 1901 547 1956; x_wconf 88' lang='lat' dir='ltr'><em>(Oct.</em></span> <span class='ocrx_word' id='word_1_256' title='bbox 579 1902 653 1956; x_wconf 91' lang='lat'><em>31)</em></span> <span class='ocrx_word' id='word_1_257' title='bbox 692 1904 732 1952; x_wconf 88' lang='grc'><em>9,</em></span> <span class='ocrx_word' id='word_1_258' title='bbox 765 1904 817 1943; x_wconf 92' lang='grc'><em>11</em></span> <span class='ocrx_word' id='word_1_259' title='bbox 855 1901 931 1956; x_wconf 72' lang='lat' dir='ltr'><em>fin.</em></span> <span class='ocrx_word' id='word_1_260' title='bbox 999 1901 1214 1943; x_wconf 89' lang='lat' dir='ltr'><em>Memorat</em></span> <span class='ocrx_word' id='word_1_261' title='bbox 1253 1899 1481 1943; x_wconf 87' lang='lat' dir='ltr'><em>Valerium</em></span> <span class='ocrx_word' id='word_1_262' title='bbox 1526 1900 1770 1942; x_wconf 87' lang='lat' dir='ltr'><em>Maximum</em></span> <span class='ocrx_word' id='word_1_263' title='bbox 1813 1897 1982 1940; x_wconf 87' lang='lat' dir='ltr'><em>Plinius</em></span> 
     </span>
     <span class='ocr_line' id='line_1_26' title="bbox 244 1967 1982 2022; baseline -0.003 -9"><span class='ocrx_word' id='word_1_264' title='bbox 244 1972 358 2013; x_wconf 90' lang='lat' dir='ltr'><em>inter</em></span> <span class='ocrx_word' id='word_1_265' title='bbox 385 1976 584 2013; x_wconf 85' lang='lat' dir='ltr'><em>auctores</em></span> <span class='ocrx_word' id='word_1_266' title='bbox 614 1969 832 2013; x_wconf 88' lang='lat' dir='ltr'><em>adhibitos</em></span> <span class='ocrx_word' id='word_1_267' title='bbox 861 1970 902 2013; x_wconf 91' lang='lat' dir='ltr'><em>h.</em></span> <span class='ocrx_word' id='word_1_268' title='bbox 933 1984 974 2012; x_wconf 91' lang='lat' dir='ltr'><em>n.</em></span> <span class='ocrx_word' id='word_1_269' title='bbox 1006 1973 1045 2021; x_wconf 89' lang='lat'><em>1,</em></span> <span class='ocrx_word' id='word_1_270' title='bbox 1079 1973 1116 2013; x_wconf 89' lang='grc'><em>7.</em></span> <span class='ocrx_word' id='word_1_271' title='bbox 1146 1973 1224 2022; x_wconf 87' lang='grc'><em>33,·</em></span> <span class='ocrx_word' id='word_1_272' title='bbox 1255 1971 1391 2012; x_wconf 87' lang='lat' dir='ltr'><em>citant</em></span> <span class='ocrx_word' id='word_1_273' title='bbox 1421 1969 1648 2012; x_wconf 80' lang='lat' dir='ltr'><em>Plutarch.</em></span> <span class='ocrx_word' id='word_1_274' title='bbox 1682 1967 1881 2010; x_wconf 88' lang='lat' dir='ltr'><em>Marcell.</em></span> <span class='ocrx_word' id='word_1_275' title='bbox 1914 1970 1982 2017; x_wconf 82' lang='lat'><em>30,</em></span> 
     </span>
    </p>

    <p class='ocr_par' dir='ltr' id='par_1_6' title="bbox 242 2038 926 2091">
     <span class='ocr_line' id='line_1_27' title="bbox 242 2038 926 2091; baseline -0.003 -9"><span class='ocrx_word' id='word_1_276' title='bbox 242 2039 370 2082; x_wconf 81' lang='lat' dir='ltr'><em>Brut.</em></span> <span class='ocrx_word' id='word_1_277' title='bbox 400 2042 479 2091; x_wconf 81' lang='lat'><em>53‚·</em></span> <span class='ocrx_word' id='word_1_278' title='bbox 516 2038 682 2082; x_wconf 79' lang='lat' dir='ltr'><em>Gellius</em></span> <span class='ocrx_word' id='word_1_279' title='bbox 714 2043 784 2090; x_wconf 88' lang='grc'><em>12,</em></span> <span class='ocrx_word' id='word_1_280' title='bbox 816 2042 854 2090; x_wconf 88' lang='grc'><em>7,</em></span> <span class='ocrx_word' id='word_1_281' title='bbox 886 2041 926 2080; x_wconf 88' lang='grc'><strong><em>8.</em></strong></span> 
     </span>
    </p>

    <p class='ocr_par' dir='ltr' id='par_1_7' title="bbox 156 2106 1983 2233">
     <span class='ocr_line' id='line_1_28' title="bbox 156 2106 1983 2162; baseline -0.003 -11"><span class='ocrx_word' id='word_1_282' title='bbox 156 2110 211 2151; x_wconf 87' lang='grc'><em>83</em></span> <span class='ocrx_word' id='word_1_283' title='bbox 242 2108 444 2151; x_wconf 90' lang='lat' dir='ltr'><em>Valerius</em></span> <span class='ocrx_word' id='word_1_284' title='bbox 472 2108 717 2162; x_wconf 87' lang='lat' dir='ltr'><em>Maximus,</em></span> <span class='ocrx_word' id='word_1_285' title='bbox 746 2108 1011 2150; x_wconf 87' lang='lat' dir='ltr'><em>trierarchus</em></span> <span class='ocrx_word' id='word_1_286' title='bbox 1043 2123 1099 2150; x_wconf 84' lang='lat' dir='ltr'><em>ex</em></span> <span class='ocrx_word' id='word_1_287' title='bbox 1130 2107 1266 2150; x_wconf 86' lang='lat' dir='ltr'><em>classe</em></span> <span class='ocrx_word' id='word_1_288' title='bbox 1297 2108 1573 2161; x_wconf 88' lang='lat' dir='ltr'><em>Britannica,</em></span> <span class='ocrx_word' id='word_1_289' title='bbox 1602 2107 1728 2149; x_wconf 89' lang='lat' dir='ltr'><em>heres</em></span> <span class='ocrx_word' id='word_1_290' title='bbox 1760 2106 1983 2147; x_wconf 87' lang='lat' dir='ltr'><em>institutus</em></span> 
     </span>
     <span class='ocr_line' id='line_1_29' title="bbox 244 2174 1982 2233; baseline -0.003 -13"><span class='ocrx_word' id='word_1_291' title='bbox 244 2194 270 2220; x_wconf 92' lang='lat' dir='ltr'><em>a</em></span> <span class='ocrx_word' id='word_1_292' title='bbox 300 2177 400 2221; x_wconf 87' lang='lat' dir='ltr'><em>Seio</em></span> <span class='ocrx_word' id='word_1_293' title='bbox 432 2177 668 2221; x_wconf 89' lang='lat' dir='ltr'><em>Saturnino</em></span> <span class='ocrx_word' id='word_1_294' title='bbox 700 2177 802 2232; x_wconf 71' lang='lat' dir='ltr'><em>Diy.</em></span> <span class='ocrx_word' id='word_1_295' title='bbox 829 2180 896 2228; x_wconf 86' lang='lat'><em>36,</em></span> <span class='ocrx_word' id='word_1_296' title='bbox 919 2181 957 2227; x_wconf 87' lang='lat'><em>1,</em></span> <span class='ocrx_word' id='word_1_297' title='bbox 979 2180 1035 2219; x_wconf 89' lang='grc'><em>48</em></span> <span class='ocrx_word' id='word_1_298' title='bbox 1054 2176 1164 2233; x_wconf 88' lang='grc'><em>[46].</em></span> <span class='ocrx_word' id='word_1_299' title='bbox 1222 2176 1289 2232; x_wconf 81' lang='lat' dir='ltr'><em>Cf.</em></span> <span class='ocrx_word' id='word_1_300' title='bbox 1321 2191 1456 2231; x_wconf 89' lang='lat' dir='ltr'><em>supra</em></span> <span class='ocrx_word' id='word_1_301' title='bbox 1485 2177 1562 2219; x_wconf 87' lang='lat' dir='ltr'><em>sub</em></span> <span class='ocrx_word' id='word_1_302' title='bbox 1595 2176 1696 2219; x_wconf 81' lang='lat' dir='ltr'><em>Seio</em></span> <span class='ocrx_word' id='word_1_303' title='bbox 1731 2174 1982 2218; x_wconf 78' lang='lat' dir='ltr'><em>Saturnino.</em></span> 
     </span>
    </p>

    <p class='ocr_par' dir='ltr' id='par_1_8' title="bbox 157 2242 1985 2436">
     <span class='ocr_line' id='line_1_30' title="bbox 157 2242 1985 2300; baseline -0.003 -11"><span class='ocrx_word' id='word_1_304' title='bbox 157 2247 213 2289; x_wconf 88' lang='grc'><em>84</em></span> <span class='ocrx_word' id='word_1_305' title='bbox 243 2253 289 2289; x_wconf 91' lang='lat' dir='ltr'><em>L.</em></span> <span class='ocrx_word' id='word_1_306' title='bbox 309 2252 560 2288; x_wconf 86' lang='lat' dir='ltr'><em>VALERIVS</em></span> <span class='ocrx_word' id='word_1_307' title='bbox 582 2252 815 2288; x_wconf 90' lang='lat' dir='ltr'><em>MAXIMVS</em></span> <span class='ocrx_word' id='word_1_308' title='bbox 837 2245 987 2288; x_wconf 86' lang='lat' dir='ltr'><em>consul</em></span> <span class='ocrx_word' id='word_1_309' title='bbox 1011 2245 1183 2300; x_wconf 84' lang='lat' dir='ltr'><em>(consul</em></span> <span class='ocrx_word' id='word_1_310' title='bbox 1204 2246 1250 2288; x_wconf 92' lang='lat' dir='ltr'><em>II</em></span> <span class='ocrx_word' id='word_1_311' title='bbox 1270 2245 1358 2288; x_wconf 87' lang='lat' dir='ltr'><em>cod.</em></span> <span class='ocrx_word' id='word_1_312' title='bbox 1381 2245 1490 2287; x_wconf 90' lang='lat' dir='ltr'><em>Iust.</em></span> <span class='ocrx_word' id='word_1_313' title='bbox 1511 2245 1694 2299; x_wconf 89' lang='lat' dir='ltr'><em>saepius,</em></span> <span class='ocrx_word' id='word_1_314' title='bbox 1718 2244 1771 2297; x_wconf 86' lang='lat' dir='ltr'><em>cf.</em></span> <span class='ocrx_word' id='word_1_315' title='bbox 1785 2242 1985 2297; x_wconf 76' lang='lat' dir='ltr'><em>Krueyer</em></span> 
     </span>
     <span class='ocr_line' id='line_1_31' title="bbox 244 2312 1982 2370; baseline -0.002 -13"><span class='ocrx_word' id='word_1_316' title='bbox 244 2329 343 2370; x_wconf 87' lang='lat' dir='ltr'><em>app.</em></span> <span class='ocrx_word' id='word_1_317' title='bbox 357 2314 415 2357; x_wconf 85' lang='lat' dir='ltr'><em>ad</em></span> <span class='ocrx_word' id='word_1_318' title='bbox 428 2315 516 2359; x_wconf 82' lang='lat' dir='ltr'><em>cod.</em></span> <span class='ocrx_word' id='word_1_319' title='bbox 531 2315 637 2358; x_wconf 88' lang='lat' dir='ltr'><em>Iust.</em></span> <span class='ocrx_word' id='word_1_320' title='bbox 645 2329 694 2369; x_wconf 88' lang='lat' dir='ltr'><em>p.</em></span> <span class='ocrx_word' id='word_1_321' title='bbox 706 2319 772 2366; x_wconf 91' lang='lat'><em>10,</em></span> <span class='ocrx_word' id='word_1_322' title='bbox 790 2315 890 2357; x_wconf 90' lang='lat' dir='ltr'><em>item</em></span> <span class='ocrx_word' id='word_1_323' title='bbox 906 2316 1014 2369; x_wconf 83' lang='lat' dir='ltr'><em>fasti</em></span> <span class='ocrx_word' id='word_1_324' title='bbox 1028 2315 1203 2369; x_wconf 78' lang='lat' dir='ltr'><em>quidam</em></span> <span class='ocrx_word' id='word_1_325' title='bbox 1221 2330 1290 2369; x_wconf 91' lang='lat' dir='ltr'><em>ap.</em></span> <span class='ocrx_word' id='word_1_326' title='bbox 1306 2315 1504 2357; x_wconf 89' lang='lat' dir='ltr'><em>Momms.</em></span> <span class='ocrx_word' id='word_1_327' title='bbox 1519 2314 1660 2357; x_wconf 90' lang='lat' dir='ltr'><em>chron.</em></span> <span class='ocrx_word' id='word_1_328' title='bbox 1672 2312 1774 2354; x_wconf 88' lang='lat' dir='ltr'><em>min.</em></span> <span class='ocrx_word' id='word_1_329' title='bbox 1787 2312 1821 2354; x_wconf 92' lang='lat' dir='ltr'><em>I</em></span> <span class='ocrx_word' id='word_1_330' title='bbox 1820 2312 1982 2366; x_wconf 64' lang='lat'><em>12289)</em></span> 
     </span>
     <span class='ocr_line' id='line_1_32' title="bbox 244 2380 1890 2436; baseline -0.002 -10"><span class='ocrx_word' id='word_1_331' title='bbox 244 2383 336 2426; x_wconf 87' lang='lat' dir='ltr'><em>ord.</em></span> <span class='ocrx_word' id='word_1_332' title='bbox 363 2399 402 2427; x_wconf 89' lang='lat' dir='ltr'><em>a.</em></span> <span class='ocrx_word' id='word_1_333' title='bbox 424 2385 509 2427; x_wconf 82' lang='lat'><em>256</em></span> <span class='ocrx_word' id='word_1_334' title='bbox 538 2399 637 2426; x_wconf 89' lang='lat' dir='ltr'><em>cum</em></span> <span class='ocrx_word' id='word_1_335' title='bbox 662 2383 724 2426; x_wconf 93' lang='lat' dir='ltr'><em>M.</em></span> <span class='ocrx_word' id='word_1_336' title='bbox 746 2383 888 2426; x_wconf 90' lang='lat' dir='ltr'><em>Acilio</em></span> <span class='ocrx_word' id='word_1_337' title='bbox 914 2384 1157 2427; x_wconf 84' lang='lat' dir='ltr'><em>Glabrione</em></span> <span class='ocrx_word' id='word_1_338' title='bbox 1185 2384 1285 2426; x_wconf 88' lang='lat' dir='ltr'><em>fasti</em></span> <span class='ocrx_word' id='word_1_339' title='bbox 1314 2384 1420 2436; x_wconf 92' lang='lat' dir='ltr'><em>(tria</em></span> <span class='ocrx_word' id='word_1_340' title='bbox 1449 2383 1625 2426; x_wconf 86' lang='lat' dir='ltr'><em>nomina</em></span> <span class='ocrx_word' id='word_1_341' title='bbox 1653 2381 1734 2424; x_wconf 91' lang='lat' dir='ltr'><em>XI</em></span> <span class='ocrx_word' id='word_1_342' title='bbox 1755 2380 1890 2434; x_wconf 88' lang='lat'><em>6335).</em></span> 
     </span>
    </p>

    <p class='ocr_par' dir='ltr' id='par_1_9' title="bbox 157 2455 1981 2566">
     <span class='ocr_line' id='line_1_33' title="bbox 157 2455 1981 2497; baseline -0.002 -3"><span class='ocrx_word' id='word_1_343' title='bbox 157 2478 214 2483; x_wconf 96' lang='lat'><strong>—</strong></span> <span class='ocrx_word' id='word_1_344' title='bbox 244 2459 288 2497; x_wconf 91' lang='lat' dir='ltr'><em>L.</em></span> <span class='ocrx_word' id='word_1_345' title='bbox 320 2459 534 2495; x_wconf 86' lang='lat' dir='ltr'><em>FVLVIVS</em></span> <span class='ocrx_word' id='word_1_346' title='bbox 566 2486 691 2496; x_wconf 89' lang='grc'><em>.....</em></span> <span class='ocrx_word' id='word_1_347' title='bbox 725 2459 765 2495; x_wconf 91' lang='lat' dir='ltr'><em>C.</em></span> <span class='ocrx_word' id='word_1_348' title='bbox 788 2459 1036 2496; x_wconf 82' lang='lat' dir='ltr'><strong>BRVTTIVS</strong></span> <span class='ocrx_word' id='word_1_349' title='bbox 1059 2460 1320 2496; x_wconf 87' lang='lat' dir='ltr'><strong>PRAESENS</strong></span> <span class='ocrx_word' id='word_1_350' title='bbox 1350 2459 1445 2495; x_wconf 87' lang='lat' dir='ltr'><em>MIN</em></span> <span class='ocrx_word' id='word_1_351' title='bbox 1462 2486 1471 2495; x_wconf 93' lang='lat'><em>.</em></span> <span class='ocrx_word' id='word_1_352' title='bbox 1492 2486 1501 2495; x_wconf 87' lang='lat'><em>.</em></span> <span class='ocrx_word' id='word_1_353' title='bbox 1521 2486 1530 2495; x_wconf 91' lang='lat'><em>.</em></span> <span class='ocrx_word' id='word_1_354' title='bbox 1552 2457 1805 2493; x_wconf 84' lang='lat' dir='ltr'><em>VALERIVS</em></span> <span class='ocrx_word' id='word_1_355' title='bbox 1836 2455 1981 2491; x_wconf 92' lang='lat' dir='ltr'><em>MAXI-</em></span> 
     </span>
     <span class='ocr_line' id='line_1_34' title="bbox 244 2526 452 2566; baseline 0.005 -2"><span class='ocrx_word' id='word_1_356' title='bbox 244 2529 346 2565; x_wconf 88' lang='lat' dir='ltr'><em>MVS</em></span> <span class='ocrx_word' id='word_1_357' title='bbox 378 2526 452 2566; x_wconf 86' lang='lat' dir='ltr'><em>cet.</em></span> 
     </span>
    </p>

    <p class='ocr_par' dir='ltr' id='par_1_10' title="bbox 158 2597 1271 2643">
     <span class='ocr_line' id='line_1_35' title="bbox 158 2597 1271 2643; baseline 0.003 -10"><span class='ocrx_word' id='word_1_358' title='bbox 158 2616 217 2622; x_wconf 90' lang='lat'>—</span> <span class='ocrx_word' id='word_1_359' title='bbox 247 2598 355 2634; x_wconf 87' lang='lat' dir='ltr'><em>SEX.</em></span> <span class='ocrx_word' id='word_1_360' title='bbox 388 2597 708 2643; x_wconf 77' lang='lat' dir='ltr'>QVINCTILIVS</span> <span class='ocrx_word' id='word_1_361' title='bbox 739 2598 991 2634; x_wconf 84' lang='lat' dir='ltr'><em>VALERIVS</em></span> <span class='ocrx_word' id='word_1_362' title='bbox 1023 2598 1271 2636; x_wconf 87' lang='lat' dir='ltr'><em>MAXIMVS.</em></span> 
     </span>
    </p>

    <p class='ocr_par' dir='ltr' id='par_1_11' title="bbox 160 2655 1983 2784">
     <span class='ocr_line' id='line_1_36' title="bbox 160 2655 1983 2716; baseline -0.004 -12"><span class='ocrx_word' id='word_1_363' title='bbox 160 2661 214 2704; x_wconf 88' lang='lat'><em>85</em></span> <span class='ocrx_word' id='word_1_364' title='bbox 244 2666 497 2702; x_wconf 88' lang='lat' dir='ltr'><em>VALERIVS</em></span> <span class='ocrx_word' id='word_1_365' title='bbox 528 2667 763 2702; x_wconf 88' lang='lat' dir='ltr'><em>MESSALA</em></span> <span class='ocrx_word' id='word_1_366' title='bbox 798 2660 946 2715; x_wconf 70' lang='lat' dir='ltr'><em>fistula</em></span> <span class='ocrx_word' id='word_1_367' title='bbox 977 2660 1183 2716; x_wconf 86' lang='lat' dir='ltr'><em>plumbea</em></span> <span class='ocrx_word' id='word_1_368' title='bbox 1214 2661 1260 2703; x_wconf 90' lang='lat' dir='ltr'><em>in</em></span> <span class='ocrx_word' id='word_1_369' title='bbox 1292 2674 1397 2716; x_wconf 73' lang='lat' dir='ltr'><em>ayro</em></span> <span class='ocrx_word' id='word_1_370' title='bbox 1418 2659 1591 2702; x_wconf 85' lang='lat' dir='ltr'><em>Albano</em></span> <span class='ocrx_word' id='word_1_371' title='bbox 1622 2659 1707 2700; x_wconf 82' lang='lat' dir='ltr'><em>sive</em></span> <span class='ocrx_word' id='word_1_372' title='bbox 1742 2655 1983 2700; x_wconf 84' lang='lat' dir='ltr'><em>Tusculano</em></span> 
     </span>
     <span class='ocr_line' id='line_1_37' title="bbox 246 2729 1573 2784; baseline -0.001 -13"><span class='ocrx_word' id='word_1_373' title='bbox 246 2743 350 2784; x_wconf 72' lang='lat' dir='ltr'><em>rep„</em></span> <span class='ocrx_word' id='word_1_374' title='bbox 381 2729 482 2771; x_wconf 89' lang='lat' dir='ltr'><em>XV</em></span> <span class='ocrx_word' id='word_1_375' title='bbox 502 2732 626 2773; x_wconf 88' lang='grc'><em>2435.</em></span> <span class='ocrx_word' id='word_1_376' title='bbox 687 2729 896 2772; x_wconf 79' lang='lat' dir='ltr'><em>Fortasse</em></span> <span class='ocrx_word' id='word_1_377' title='bbox 925 2743 1035 2772; x_wconf 79' lang='lat' dir='ltr'><em>unus</em></span> <span class='ocrx_word' id='word_1_378' title='bbox 1066 2744 1116 2772; x_wconf 77' lang='lat' dir='ltr'><em>ex</em></span> <span class='ocrx_word' id='word_1_379' title='bbox 1145 2730 1200 2772; x_wconf 82' lang='lat' dir='ltr'><em>iis</em></span> <span class='ocrx_word' id='word_1_380' title='bbox 1230 2730 1304 2783; x_wconf 79' lang='lat' dir='ltr'><em>qui</em></span> <span class='ocrx_word' id='word_1_381' title='bbox 1331 2731 1573 2783; x_wconf 81' lang='lat' dir='ltr'><em>sequuntur.</em></span> 
     </span>
    </p>

    <p class='ocr_par' dir='ltr' id='par_1_12' title="bbox 160 2793 1986 3264">
     <span class='ocr_line' id='line_1_38' title="bbox 160 2793 1983 2849; baseline -0.003 -10"><span class='ocrx_word' id='word_1_382' title='bbox 160 2798 216 2840; x_wconf 82' lang='grc'><em>86</em></span> <span class='ocrx_word' id='word_1_383' title='bbox 246 2804 290 2839; x_wconf 90' lang='lat' dir='ltr'><em>L.</em></span> <span class='ocrx_word' id='word_1_384' title='bbox 322 2804 573 2840; x_wconf 88' lang='lat' dir='ltr'><em>VALERIVS</em></span> <span class='ocrx_word' id='word_1_385' title='bbox 615 2804 883 2840; x_wconf 84' lang='lat' dir='ltr'><em>MESSALLA</em></span> <span class='ocrx_word' id='word_1_386' title='bbox 923 2813 1008 2840; x_wconf 84' lang='lat' dir='ltr'><em>cos.</em></span> <span class='ocrx_word' id='word_1_387' title='bbox 1050 2798 1142 2841; x_wconf 89' lang='lat' dir='ltr'><em>ord.</em></span> <span class='ocrx_word' id='word_1_388' title='bbox 1185 2814 1223 2842; x_wconf 88' lang='lat' dir='ltr'><em>a.</em></span> <span class='ocrx_word' id='word_1_389' title='bbox 1255 2799 1340 2840; x_wconf 87' lang='grc'><em>214</em></span> <span class='ocrx_word' id='word_1_390' title='bbox 1382 2812 1477 2839; x_wconf 90' lang='lat' dir='ltr'><em>cum</em></span> <span class='ocrx_word' id='word_1_391' title='bbox 1523 2796 1572 2839; x_wconf 85' lang='lat' dir='ltr'><em>C.</em></span> <span class='ocrx_word' id='word_1_392' title='bbox 1613 2795 1797 2838; x_wconf 89' lang='lat' dir='ltr'><em>Octavio</em></span> <span class='ocrx_word' id='word_1_393' title='bbox 1839 2793 1983 2849; x_wconf 90' lang='lat' dir='ltr'><em>Appio</em></span> 
     </span>
     <span class='ocr_line' id='line_1_39' title="bbox 247 2854 1984 2921; baseline -0.004 -12"><span class='ocrx_word' id='word_1_394' title='bbox 247 2866 419 2909; x_wconf 80' lang='lat' dir='ltr'><em>Suetrio</em></span> <span class='ocrx_word' id='word_1_395' title='bbox 452 2866 614 2910; x_wconf 88' lang='lat' dir='ltr'><em>Sabino</em></span> <span class='ocrx_word' id='word_1_396' title='bbox 646 2868 754 2921; x_wconf 80' lang='lat' dir='ltr'><em>fasti</em></span> <span class='ocrx_word' id='word_1_397' title='bbox 783 2868 891 2920; x_wconf 90' lang='lat' dir='ltr'><em>(tria</em></span> <span class='ocrx_word' id='word_1_398' title='bbox 919 2868 1096 2909; x_wconf 90' lang='lat' dir='ltr'><em>nomina</em></span> <span class='ocrx_word' id='word_1_399' title='bbox 1128 2867 1196 2909; x_wconf 92' lang='lat' dir='ltr'><em>VI</em></span> <span class='ocrx_word' id='word_1_400' title='bbox 1217 2870 1377 2909; x_wconf 70' lang='lat'><em>31338‘1</em></span> <span class='ocrx_word' id='word_1_401' title='bbox 1398 2886 1454 2900; x_wconf 67' lang='lat' dir='ltr'><em>z</em></span> <span class='ocrx_word' id='word_1_402' title='bbox 1475 2865 1594 2907; x_wconf 89' lang='lat' dir='ltr'><em>Bull.</em></span> <span class='ocrx_word' id='word_1_403' title='bbox 1627 2854 1844 2907; x_wconf 86' lang='lat' dir='ltr'><em>comunale</em></span> <span class='ocrx_word' id='word_1_404' title='bbox 1875 2864 1984 2903; x_wconf 85' lang='grc'><em>1884</em></span> 
     </span>
     <span class='ocr_line' id='line_1_40' title="bbox 244 2930 1986 2990; baseline -0.004 -13"><span class='ocrx_word' id='word_1_405' title='bbox 244 2949 291 2989; x_wconf 87' lang='lat' dir='ltr'><em>p.</em></span> <span class='ocrx_word' id='word_1_406' title='bbox 313 2937 342 2976; x_wconf 92' lang='grc'><em>8</em></span> <span class='ocrx_word' id='word_1_407' title='bbox 369 2949 411 2977; x_wconf 92' lang='lat' dir='ltr'><em>n.</em></span> <span class='ocrx_word' id='word_1_408' title='bbox 434 2938 540 2986; x_wconf 85' lang='lat'><strong><em>709,·</em></strong></span> <span class='ocrx_word' id='word_1_409' title='bbox 571 2935 820 2990; x_wconf 78' lang='lat' dir='ltr'><em>plerumque</em></span> <span class='ocrx_word' id='word_1_410' title='bbox 851 2934 1077 2990; x_wconf 79' lang='lat' dir='ltr'><em>Messalla3</em></span> <span class='ocrx_word' id='word_1_411' title='bbox 1109 2938 1342 2990; x_wconf 83' lang='lat' dir='ltr'><em>praeterea</em></span> <span class='ocrx_word' id='word_1_412' title='bbox 1372 2933 1646 2988; x_wconf 74' lang='lat' dir='ltr'><em>Apollinaris</em></span> <span class='ocrx_word' id='word_1_413' title='bbox 1683 2944 1906 2985; x_wconf 74' lang='lat' dir='ltr'><em>coynomen</em></span> <span class='ocrx_word' id='word_1_414' title='bbox 1946 2930 1986 2971; x_wconf 87' lang='lat' dir='ltr'><em>ei</em></span> 
     </span>
     <span class='ocr_line' id='line_1_41' title="bbox 248 2999 1985 3058; baseline -0.003 -13"><span class='ocrx_word' id='word_1_415' title='bbox 248 3003 380 3056; x_wconf 79' lang='lat' dir='ltr'><em>fuisse</em></span> <span class='ocrx_word' id='word_1_416' title='bbox 412 3004 589 3046; x_wconf 86' lang='lat' dir='ltr'><em>coniecit</em></span> <span class='ocrx_word' id='word_1_417' title='bbox 618 3003 804 3055; x_wconf 86' lang='lat' dir='ltr'><em>Dressel,</em></span> <span class='ocrx_word' id='word_1_418' title='bbox 848 3004 906 3047; x_wconf 89' lang='lat' dir='ltr'><em>ad</em></span> <span class='ocrx_word' id='word_1_419' title='bbox 944 3004 1054 3047; x_wconf 90' lang='lat' dir='ltr'><em>hune</em></span> <span class='ocrx_word' id='word_1_420' title='bbox 1094 3007 1134 3047; x_wconf 90' lang='lat' dir='ltr'><em>et</em></span> <span class='ocrx_word' id='word_1_421' title='bbox 1174 3004 1376 3058; x_wconf 73' lang='lat' dir='ltr'><em>colleyam</em></span> <span class='ocrx_word' id='word_1_422' title='bbox 1416 3003 1603 3056; x_wconf 82' lang='lat' dir='ltr'><em>referens</em></span> <span class='ocrx_word' id='word_1_423' title='bbox 1642 3014 1749 3054; x_wconf 78' lang='lat' dir='ltr'><em>quae</em></span> <span class='ocrx_word' id='word_1_424' title='bbox 1790 2999 1985 3052; x_wconf 74' lang='lat' dir='ltr'><em>leyuntur</em></span> 
     </span>
     <span class='ocr_line' id='line_1_42' title="bbox 247 3066 1984 3127; baseline -0.005 -13"><span class='ocrx_word' id='word_1_425' title='bbox 247 3072 372 3126; x_wconf 89' lang='lat' dir='ltr'><em>picta</em></span> <span class='ocrx_word' id='word_1_426' title='bbox 410 3073 457 3114; x_wconf 91' lang='lat' dir='ltr'><em>in</em></span> <span class='ocrx_word' id='word_1_427' title='bbox 496 3072 704 3127; x_wconf 87' lang='lat' dir='ltr'><em>amphora</em></span> <span class='ocrx_word' id='word_1_428' title='bbox 743 3074 899 3116; x_wconf 86' lang='lat' dir='ltr'><em>montis</em></span> <span class='ocrx_word' id='word_1_429' title='bbox 934 3073 1123 3116; x_wconf 84' lang='lat' dir='ltr'><em>Testacei</em></span> <span class='ocrx_word' id='word_1_430' title='bbox 1151 3072 1251 3115; x_wconf 92' lang='lat' dir='ltr'><em>XV</em></span> <span class='ocrx_word' id='word_1_431' title='bbox 1271 3075 1404 3115; x_wconf 83' lang='lat'><em>4097:</em></span> <span class='ocrx_word' id='word_1_432' title='bbox 1446 3070 1608 3114; x_wconf 85' lang='lat' dir='ltr'><em>Sabino</em></span> <span class='ocrx_word' id='word_1_433' title='bbox 1646 3075 1687 3110; x_wconf 88' lang='lat' dir='ltr'><em>et</em></span> <span class='ocrx_word' id='word_1_434' title='bbox 1718 3066 1984 3123; x_wconf 86' lang='lat' dir='ltr'><em>Apoll[inare</em></span> 
     </span>
     <span class='ocr_line' id='line_1_43' title="bbox 248 3136 1985 3195; baseline -0.004 -13"><span class='ocrx_word' id='word_1_435' title='bbox 248 3141 384 3195; x_wconf 85' lang='lat' dir='ltr'><em>cos.]).</em></span> <span class='ocrx_word' id='word_1_436' title='bbox 415 3168 466 3172; x_wconf 97' lang='lat'><strong>—</strong></span> <span class='ocrx_word' id='word_1_437' title='bbox 500 3141 705 3184; x_wconf 87' lang='lat' dir='ltr'><em>Fortasse</em></span> <span class='ocrx_word' id='word_1_438' title='bbox 736 3143 790 3184; x_wconf 85' lang='lat' dir='ltr'><em>ab</em></span> <span class='ocrx_word' id='word_1_439' title='bbox 822 3141 899 3184; x_wconf 87' lang='lat' dir='ltr'><em>hoc</em></span> <span class='ocrx_word' id='word_1_440' title='bbox 931 3142 1137 3185; x_wconf 82' lang='lat' dir='ltr'><em>oriundus</em></span> <span class='ocrx_word' id='word_1_441' title='bbox 1175 3141 1370 3184; x_wconf 87' lang='lat' dir='ltr'><em>Valerius</em></span> <span class='ocrx_word' id='word_1_442' title='bbox 1401 3138 1596 3182; x_wconf 88' lang='lat' dir='ltr'><em>Messala</em></span> <span class='ocrx_word' id='word_1_443' title='bbox 1634 3137 1708 3190; x_wconf 81' lang='lat' dir='ltr'><em>qui</em></span> <span class='ocrx_word' id='word_1_444' title='bbox 1736 3136 1985 3190; x_wconf 81' lang='lat' dir='ltr'><em>praefectus</em></span> 
     </span>
     <span class='ocr_line' id='line_1_44' title="bbox 245 3203 1982 3264; baseline -0.005 -12"><span class='ocrx_word' id='word_1_445' title='bbox 245 3210 470 3264; x_wconf 89' lang='lat' dir='ltr'><em>praetorio</em></span> <span class='ocrx_word' id='word_1_446' title='bbox 501 3213 541 3252; x_wconf 91' lang='lat' dir='ltr'><em>et</em></span> <span class='ocrx_word' id='word_1_447' title='bbox 560 3211 810 3264; x_wconf 81' lang='lat' dir='ltr'><em>praefectus</em></span> <span class='ocrx_word' id='word_1_448' title='bbox 838 3211 939 3253; x_wconf 87' lang='lat' dir='ltr'><em>urbi</em></span> <span class='ocrx_word' id='word_1_449' title='bbox 971 3211 1057 3264; x_wconf 81' lang='lat' dir='ltr'><em>fuit</em></span> <span class='ocrx_word' id='word_1_450' title='bbox 1087 3211 1321 3264; x_wconf 74' lang='lat' dir='ltr'><em>imperante</em></span> <span class='ocrx_word' id='word_1_451' title='bbox 1352 3208 1560 3257; x_wconf 86' lang='lat' dir='ltr'><em>Honorio,</em></span> <span class='ocrx_word' id='word_1_452' title='bbox 1594 3207 1648 3259; x_wconf 80' lang='lat' dir='ltr'><em>cf.</em></span> <span class='ocrx_word' id='word_1_453' title='bbox 1681 3204 1739 3247; x_wconf 89' lang='lat' dir='ltr'><em>ad</em></span> <span class='ocrx_word' id='word_1_454' title='bbox 1768 3203 1837 3246; x_wconf 88' lang='lat' dir='ltr'><em>VI</em></span> <span class='ocrx_word' id='word_1_455' title='bbox 1860 3205 1982 3245; x_wconf 88' lang='grc'><em>1775.</em></span> 
     </span>
    </p>

    <p class='ocr_par' dir='ltr' id='par_1_13' title="bbox 165 3271 1985 3333">
     <span class='ocr_line' id='line_1_45' title="bbox 165 3271 1985 3333; baseline -0.004 -14"><span class='ocrx_word' id='word_1_456' title='bbox 165 3277 219 3320; x_wconf 87' lang='grc'><em>87</em></span> <span class='ocrx_word' id='word_1_457' title='bbox 251 3284 303 3322; x_wconf 91' lang='grc' dir='ltr'><em>Μ.</em></span> <span class='ocrx_word' id='word_1_458' title='bbox 327 3278 615 3333; x_wconf 87' lang='lat' dir='ltr'><em>(VALERIVS)</em></span> <span class='ocrx_word' id='word_1_459' title='bbox 635 3285 902 3321; x_wconf 86' lang='lat' dir='ltr'><em>MESSALLA</em></span> <span class='ocrx_word' id='word_1_460' title='bbox 923 3278 1074 3321; x_wconf 91' lang='lat' dir='ltr'><em>consul</em></span> <span class='ocrx_word' id='word_1_461' title='bbox 1096 3278 1152 3332; x_wconf 88' lang='lat' dir='ltr'><em>(a.</em></span> <span class='ocrx_word' id='word_1_462' title='bbox 1177 3278 1277 3331; x_wconf 87' lang='lat'><em>701)</em></span> <span class='ocrx_word' id='word_1_463' title='bbox 1300 3292 1396 3319; x_wconf 89' lang='lat' dir='ltr'><em>cum</em></span> <span class='ocrx_word' id='word_1_464' title='bbox 1420 3276 1500 3318; x_wconf 81' lang='lat' dir='ltr'><em>Cn.</em></span> <span class='ocrx_word' id='word_1_465' title='bbox 1523 3274 1716 3317; x_wconf 89' lang='lat' dir='ltr'><em>Domitio</em></span> <span class='ocrx_word' id='word_1_466' title='bbox 1738 3271 1985 3327; x_wconf 66' lang='lat' dir='ltr'><em>(Calvino),</em></span> 
     </span>
    </p>

    <p class='ocr_par' dir='ltr' id='par_1_14' title="bbox 157 3342 1984 3407">
     <span class='ocr_line' id='line_1_46' title="bbox 157 3342 1984 3407; baseline -0.002 -18"><span class='ocrx_word' id='word_1_467' title='bbox 157 3349 161 3355; x_wconf 88' lang='lat'>&#39;</span> <span class='ocrx_word' id='word_1_468' title='bbox 253 3360 395 3406; x_wconf 85' lang='lat' dir='ltr'><em>augur</em></span> <span class='ocrx_word' id='word_1_469' title='bbox 425 3361 503 3407; x_wconf 88' lang='lat' dir='ltr'><em>per</em></span> <span class='ocrx_word' id='word_1_470' title='bbox 532 3361 670 3390; x_wconf 88' lang='lat' dir='ltr'><em>annos</em></span> <span class='ocrx_word' id='word_1_471' title='bbox 700 3348 1020 3406; x_wconf 85' lang='lat' dir='ltr'><em>quinquaginta</em></span> <span class='ocrx_word' id='word_1_472' title='bbox 1056 3353 1099 3389; x_wconf 87' lang='lat' dir='ltr'><em>et</em></span> <span class='ocrx_word' id='word_1_473' title='bbox 1129 3347 1321 3406; x_wconf 89' lang='lat' dir='ltr'><em>quinque</em></span> <span class='ocrx_word' id='word_1_474' title='bbox 1354 3343 1551 3387; x_wconf 83' lang='lat' dir='ltr'><em>Macrob.</em></span> <span class='ocrx_word' id='word_1_475' title='bbox 1582 3345 1747 3385; x_wconf 87' lang='lat' dir='ltr'><em>saturn.</em></span> <span class='ocrx_word' id='word_1_476' title='bbox 1778 3343 1817 3392; x_wconf 88' lang='lat'><em>1,</em></span> <span class='ocrx_word' id='word_1_477' title='bbox 1847 3343 1886 3393; x_wconf 87' lang='lat'><em>9,</em></span> <span class='ocrx_word' id='word_1_478' title='bbox 1918 3342 1984 3385; x_wconf 84' lang='grc'><em>14.</em></span> 
     </span>
    </p>
   </div>
  </div>
 </body>
</html>
