2242 3672
175 239 425 280 POMPEIVS
1061 241 1116 286 69
1743 248 1991 293 POMPEIVS

174 376 260 420 476
289 376 350 420 Μ.
381 377 613 433 Pompeius
648 378 869 422 Macrinus
911 381 1220 439 Theophanes,
1263 390 1386 440 pater
1415 385 1649 443 Pompeiae
1678 387 1997 445 Agrippinillae

262 444 320 498 (n.
349 447 461 502 503),
504 460 628 488 socer
666 447 726 489 M.
759 449 890 492 Gavii
922 450 1116 507 Squillae
1147 452 1363 495 Gallicani
1401 451 1504 506 (cos.
1535 470 1574 498 a.
1608 456 1722 511 127),
1754 472 1863 500 avus
1894 457 1997 501 Cor-

260 513 402 557 neliae
442 513 712 569 Cethegillae
750 517 899 559 titulus
934 519 1189 571 Lesbiacus,
1230 521 1320 576 eph.
1353 523 1484 577 epigr.
1514 527 1546 567 2
1576 538 1624 579 p.
1657 528 1684 568 6
1713 529 1753 568 et
1780 529 1835 569 19
1862 541 1904 569 n.
1926 530 1995 570 23.
2042 524 2049 531 ‘

262 582 407 639 Nepos
445 584 629 638 fortasse
665 584 730 626 vel
761 599 977 640 pronepos
1005 587 1185 643 Pompei
1214 590 1367 632 Macri
1392 593 1613 645 praetoris
1651 606 1690 635 a.
1723 597 1776 637 15
1806 595 1862 650 (n.
1884 598 1996 652 471),

257 655 388 707 pater
418 653 508 694 eius
536 653 612 706 qui
630 653 865 707 praecedit,
899 655 954 708 cf.
984 659 1160 698 stemma
1189 658 1265 700 sub
1293 672 1336 700 n.
1358 662 1451 704 471.

173 720 258 764 477
290 727 369 763 CN.
401 726 651 763 POMPEIVS
683 727 903 764 MAGNVS.
969 724 1124 766 Tituli:
1158 726 1306 780 cippus
1333 728 1537 780 urbanus,
1568 729 1668 772 bull.
1701 744 1861 774 comun.
1889 735 1999 775 1885

262 805 311 845 p.
333 793 420 833 102
446 803 490 832 n.
511 792 624 833 1025
644 810 701 825 =
724 790 824 832 bull.
853 791 892 833 d.
924 792 1057 834 instit.
1080 795 1188 836 1885
1209 809 1258 848 p.
1283 798 1308 837 9
1340 794 1423 852 (1);
1454 800 1551 839 acta
1580 798 1686 841 Arv.
1718 813 1751 842 c.
1779 814 1819 842 a.
1840 804 1996 851 43-48,

261 859 331 902 VI
351 861 471 903 2032
500 856 579 915 (2).
639 858 720 902 Cn.
753 859 1025 916 Pom[peius]
1066 862 1253 917 Magnus
1285 866 1312 905 t.
1346 868 1396 915 1,·
1435 864 1515 908 Cn.
1547 866 1781 924 Pompeius
1811 868 1998 924 Magnus

261 927 379 972 Suet.
400 927 558 971 Claud.
577 930 638 971 27
645 940 659 979 ;
686 926 788 970 Gai.
809 930 863 970 35
874 942 887 980 ;
906 928 995 971 Dio
1012 933 1077 980 60,
1100 933 1139 981 5,
1164 934 1192 972 7
1202 945 1214 982 ;
1235 931 1315 974 Cn.
1337 933 1572 990 Pompeius
1594 935 1710 978 Suet.
1739 936 1894 980 Claud.
1916 941 1999 990 29;

258 996 447 1052 Magnus
478 996 711 1053 Pompeius
744 999 772 1039 t.
793 1000 848 1048 2;
879 997 1042 1040 Seneca
1072 998 1158 1057 lud.
1180 1003 1245 1050 11,
1268 1003 1319 1052 5,·
1347 1001 1534 1057 Magnus
1557 1003 1719 1046 Seneca
1749 1004 1833 1050 lud.
1856 1009 1921 1057 11,
1942 1010 1999 1058 2,·

265 1065 365 1108 Tac.
386 1065 484 1108 hist.
506 1068 546 1116 1,
566 1067 624 1107 48
632 1079 646 1118 ;
675 1064 765 1108 Dio
786 1069 853 1116 60,
875 1070 946 1117 21,
967 1069 1007 1111 5.
1050 1066 1195 1109 Crassi
1215 1068 1343 1122 filius,
1376 1070 1495 1113 tribu
1515 1071 1718 1115 Menenia
1738 1076 1767 1115 t.
1788 1077 1825 1117 1.
1858 1074 1997 1117 Filius

261 1134 339 1190 (M.
362 1135 541 1190 Licinii)
573 1133 719 1177 Crassi
740 1135 877 1190 Frugi
909 1137 1014 1189 (cos.
1046 1151 1084 1179 a.
1107 1137 1180 1190 27)
1213 1144 1255 1179 et
1285 1137 1538 1181 Scriboniae
1569 1139 1731 1183 Seneca
1761 1142 1846 1184 lud.
1869 1146 1934 1194 11,
1957 1147 1997 1187 5.

259 1202 417 1246 Frater
461 1203 531 1258 (L.
571 1202 818 1260 Calpurnii)
866 1204 1038 1246 Pisonis
1089 1205 1244 1260 (Frugi
1294 1206 1530 1262 Liciniani)
1577 1209 1675 1253 Tac.
1713 1210 1809 1253 hist.
1841 1215 1889 1263 1,
1928 1215 1996 1264 48,

260 1271 534 1326 aliorumque,
557 1271 608 1314 de
628 1273 780 1326 quibus
800 1273 855 1327 cf.
879 1273 1118 1315 Mommsen
1139 1273 1229 1328 eph.
1253 1275 1383 1329 epiyr.
1406 1280 1431 1318 1
1453 1291 1501 1331 p.
1522 1281 1615 1319 147.
1656 1277 1725 1320 De
1742 1281 1996 1331 nominibus,

260 1355 367 1396 quae
388 1355 495 1396 „non
516 1355 544 1383 a
554 1344 746 1396 paterna
766 1342 910 1396 stirpe,
932 1341 1008 1384 sed
1027 1356 1055 1384 a
1074 1346 1270 1385 materna
1286 1345 1433 1394 traxit,
1450 1348 1499 1387 ut
1516 1346 1784 1390 reviresceret
1798 1348 1998 1402 quodam-

257 1410 381 1453 modo
411 1411 458 1452 in
488 1412 558 1453 eo“
594 1411 648 1464 cf.
679 1410 918 1453 Mommsen
949 1410 977 1453 l.
1009 1424 1043 1453 c.
1076 1414 1116 1454 et
1143 1412 1349 1454 romische
1378 1412 1682 1469 Forschunyen
1710 1419 1736 1457 1
1767 1431 1816 1470 p.
1841 1420 1897 1459 36
1914 1431 1997 1472 seq.

259 1492 302 1522 n.
323 1482 388 1524 60.
445 1477 583 1522 Gaius
615 1494 711 1522 eum
742 1486 922 1536 propter
949 1479 1101 1534 Magni
1132 1494 1372 1535 cognomen
1402 1497 1541 1538 paene
1573 1483 1750 1539 occidit,
1793 1485 1868 1527 sed
1899 1501 2010 1529 cum·

259 1549 299 1591 ei
329 1554 377 1594 ut
407 1563 542 1605 puero
574 1549 851 1605 pepercisset,
882 1548 1094 1604 Magnum
1117 1564 1215 1592 eum
1237 1549 1447 1606 appellari
1468 1552 1607 1593 vetuit
1626 1551 1713 1594 Dio
1735 1556 1800 1604 60,
1821 1555 1861 1604 5,
1886 1556 2000 1606 8-9,·
2038 1583 2040 1585 »

259 1617 376 1662 Suet.
405 1616 507 1661 Gai.
527 1620 594 1660 35.
657 1617 866 1661 Claudius
903 1617 985 1660 hoc
1025 1632 1263 1673 cognomen
1304 1620 1340 1661 ei
1383 1619 1575 1662 reddidit
1615 1620 1705 1663 Dio
1734 1624 1800 1672 60,
1831 1626 1870 1673 5,
1903 1627 1929 1666 9
1960 1631 2001 1666 et

257 1686 493 1730 Antoniam
513 1685 645 1729 filiam
667 1687 706 1728 ei
728 1685 956 1729 collocavit
979 1703 1018 1730 a.
1041 1688 1093 1730 41
1119 1687 1236 1731 Suet.
1256 1687 1414 1730 Claud.
1436 1692 1498 1731 27
1505 1702 1519 1740 ;
1538 1688 1627 1731 Dio
1643 1692 1709 1740 60,
1729 1692 1768 1740 5,
1793 1694 1842 1742 7,·
1861 1695 1930 1742 21,
1950 1694 2000 1744 5,·

258 1755 420 1799 Seneca
442 1755 527 1799 lud.
549 1759 615 1807 11,
635 1758 663 1798 5
683 1756 739 1810 cf.
762 1756 825 1798 tit.
848 1759 886 1800 1.
926 1756 1170 1811 Vigintivir
1190 1771 1226 1799 c.
1247 1758 1367 1812 a.4l,
1390 1757 1634 1814 praefectus
1665 1757 1765 1800 urbi
1793 1758 1999 1803 feriarum

258 1824 517 1868 Latinarum
548 1840 583 1868 c.
616 1840 654 1867 a.
677 1825 733 1868 42
763 1824 853 1867 Dio
884 1828 951 1876 60,
981 1828 1020 1876 5,
1053 1827 1093 1869 8.
1158 1824 1370 1868 Claudius
1401 1827 1440 1868 ei
1470 1828 1687 1883 permisit,
1732 1834 1780 1870 ut
1809 1829 2000 1886 quinque

259 1894 384 1937 annis
404 1894 527 1951 prius
546 1894 828 1950 magistratus
849 1900 1016 1950 peteret
1035 1893 1124 1936 Dio
1140 1897 1207 1945 60,
1229 1897 1268 1945 5,
1290 1897 1319 1936 8
1349 1910 1534 1952 eumque
1555 1911 1592 1938 a.
1615 1896 1670 1939 43
1693 1911 1747 1937 ex
1772 1897 2000 1940 Britannia

258 1963 441 2006 Romam
469 1964 695 2020 praemisit
724 1963 780 2005 ad
810 1964 1041 2005 victoriam
1070 1963 1358 2006 nuntiandam
1386 1963 1475 2006 Dio
1506 1967 1571 2015 60,
1593 1968 1664 2016 21,
1685 1967 1724 2007 5.
1785 1965 2000 2018 Quaestor

259 2047 296 2077 c.
325 2047 364 2078 a.
385 2033 442 2076 44
475 2030 620 2085 (natus
650 2033 761 2075 enim
789 2032 956 2075 videtur
985 2046 1018 2074 c.
1053 2047 1093 2074 a.
1115 2032 1205 2085 24),
1236 2032 1433 2089 pontifex
1463 2034 1527 2075 tit.
1549 2037 1587 2075 1.
1638 2033 1795 2075 Frater
1820 2033 1998 2077 Arvalis

257 2116 293 2146 c.
315 2116 354 2146 a.
375 2102 547 2144 44-46
578 2102 642 2144 tit.
663 2105 708 2145 2.
747 2100 791 2144 A
812 2100 996 2143 Claudio
1017 2101 1268 2143 interfectus
1290 2100 1407 2154 (ante
1438 2116 1478 2144 a.
1499 2106 1566 2156 47,
1599 2116 1692 2144 cum
1718 2103 1891 2146 Tacitus
1911 2105 1999 2146 eius

256 2173 433 2213 mortem
460 2184 546 2213 non
571 2173 784 2227 memoret)
806 2169 895 2213 Dio
916 2173 983 2221 60,
1004 2173 1070 2221 31,
1095 2173 1143 2221 7,·
1174 2170 1336 2213 Seneca
1358 2170 1442 2212 lud.
1464 2174 1530 2222 11,
1551 2174 1596 2214 2.
1612 2174 1640 2213 5
1648 2183 1662 2222 ;
1693 2171 1810 2215 Suet.
1840 2171 1996 2215 Claud.

246 2242 318 2284 27.
334 2242 418 2291 29;
453 2239 552 2282 Tac.
573 2239 671 2282 hist.
694 2243 733 2291 1,
753 2242 821 2283 48.
843 2263 901 2270 -
922 2239 1131 2295 Pompeia
1151 2238 1302 2294 Magni
1326 2239 1551 2281 cuiusdam
1581 2239 1738 2282 liberta
1763 2240 1996 2284 7123971.

173 2308 258 2352 478
397 2314 643 2350 HISPANVS
682 2307 972 2364 [P]0MPE1VS
1014 2307 1338 2363 MARCEL[LVS
1381 2306 1659 2364 VMB]0N1vs
1702 2314 1836 2363 SILO,
1869 2309 1920 2351 L.
1953 2309 1994 2364 f„

256 2379 374 2421 tribu
409 2377 586 2422 Galeria
626 2377 690 2420 tit.
721 2377 986 2432 Sayuntinus
1015 2376 1077 2419 II
1095 2379 1218 2419 3839.
1277 2376 1369 2418 Aut
1407 2376 1519 2418 idem
1559 2379 1636 2418 aut
1673 2380 1782 2419 certe
1822 2379 1998 2420 necessi-

257 2446 403 2489 tudine
424 2460 517 2489 cum
536 2460 583 2488 eo
605 2446 850 2488 coniunctus
871 2448 932 2488 est
953 2444 1196 2488 Umbonius
1219 2444 1309 2488 Silo
1332 2445 1411 2499 (sic
1430 2445 1698 2487 scribendum
1709 2459 1796 2500 pro
1813 2442 1995 2501 Silione)

257 2514 490 2573 proconsul
520 2515 725 2557 Baeticae
755 2530 793 2558 a.
818 2516 885 2569 44,
918 2520 1072 2556 senatu
1101 2520 1243 2556 motus
1274 2529 1300 2556 a
1330 2513 1516 2557 Claudio
1547 2513 1638 2556 Dio
1657 2517 1723 2564 60,
1744 2517 1815 2565 24,
1835 2517 1938 2557 5-6.

183 2609 243 2614 -
287 2591 396 2627 SER.
419 2589 702 2626 CORNELIVS
724 2589 1032 2625 DOLABELLA
1051 2589 1365 2624 METILIANVS
1397 2589 1646 2625 POMPEIVS
1676 2588 1994 2626 MARCELLVS.

171 2654 256 2696 479
286 2659 534 2696 POMPEIVS
566 2658 814 2695 PAVLINVS
845 2652 874 2707 (.
893 2685 902 2694 .
922 2685 931 2695 .
950 2653 1042 2694 eius
1070 2651 1226 2694 Paulin
1245 2684 1254 2693 .
1273 2684 1283 2694 .
1312 2652 1394 2702 tit.)
1425 2651 1694 2694 Arelatensis
1725 2652 1881 2708 equitis
1912 2653 1995 2695 Ro-

254 2723 372 2764 mani
394 2721 452 2775 (n.
472 2724 572 2778 480)
592 2721 708 2764 filius
730 2728 997 2778 paternaque
1017 2726 1147 2775 gente
1175 2719 1351 2777 pellitus
1363 2720 1436 2775 (?),
1468 2720 1584 2777 apud
1617 2719 1857 2762 exercitum
1886 2720 1996 2764 fero—

258 2791 439 2832 cissimis
480 2790 682 2845 gentibus
724 2790 994 2845 (Germanis)
1036 2790 1255 2846 oppositus
1286 2788 1407 2831 Ptin.
1428 2803 1470 2832 n.
1492 2789 1531 2834 h.
1557 2792 1623 2840 33,
1652 2792 1744 2832 143.
1803 2789 1995 2844 Legatus

257 2857 519 2902 Germaniae
548 2859 783 2917 superioris
815 2875 854 2902 a.
876 2859 931 2902 56
963 2859 1027 2900 tit.
1057 2858 1361 2909 Germanicus,
1399 2858 1556 2901 notizie
1597 2850 1709 2913 deylz·
1740 2858 1858 2900 scavi
1885 2860 1996 2900 1887

259 2942 308 2983 p.
329 2931 419 2971 221
449 2928 503 2982 cf.
527 2928 766 2971 Mommsen
787 2927 1199 2983 Korrespondenzbl.
1232 2927 1271 2971 d.
1292 2926 1574 2970 westdeutsch.
1603 2926 1807 2970 Zeitschr.
1825 2930 1863 2977 7,
1885 2929 1996 2968 1888

260 3011 311 3052 1⁰·
330 2999 399 3039 58.
440 2996 666 3039 Exercitui
689 2996 949 3040 Germanico
969 3002 1142 3053 praeest
1171 3011 1208 3038 a.
1232 2996 1286 3038 58
1315 2996 1413 3039 Tac.
1437 3008 1535 3036 ann.
1558 2997 1623 3044 13,
1644 2997 1710 3036 53.
1746 2993 1991 3036 Consularis

259 3064 420 3118 (consul
455 3065 543 3120 fuit
577 3079 618 3108 a.
647 3066 729 3108 inc.
754 3069 853 3108 ante
883 3079 923 3110 a.
953 3067 1023 3120 56)
1061 3080 1088 3107 a
1126 3065 1297 3106 Nerone
1336 3061 1623 3118 vectigalibus
1654 3061 1838 3117 publicis
1870 3075 1986 3115 pras:-

255 3135 421 3192 positus
451 3149 489 3177 a.
510 3135 565 3177 62
592 3134 691 3177 Tac.
724 3148 822 3177 ann.
844 3136 909 3184 15,
932 3136 998 3175 18.
1041 3132 1175 3175 Pater
1203 3133 1267 3176 vel
1288 3132 1436 3187 potius
1464 3131 1603 3184 frater
1631 3129 1778 3171 umoris
1809 3132 1991 3170 Senecae

259 3201 316 3256 (n.
337 3205 436 3260 508)
466 3202 632 3245 videtur
661 3203 806 3257 fuisse.

171 3271 256 3315 480
288 3273 539 3328 (Pompeius
580 3271 829 3326 Paulinus),
875 3269 1143 3314 Arelatensis
1190 3284 1320 3326 eques
1363 3269 1603 3321 Romanus,
1651 3272 1760 3321 putee
1811 3263 1990 3320 Pompei

256 3340 428 3383 Paulini
461 3338 519 3393 (n.
540 3343 638 3396 479)
672 3339 791 3382 Plin.
822 3354 865 3382 n.
897 3339 937 3381 h.
958 3341 1026 3389 33,
1048 3340 1140 3380 143.
1187 3337 1256 3379 Ad
1287 3336 1518 3379 Paulinum
1549 3333 1722 3377 eundem
1749 3334 1796 3372 ut
1825 3331 1991 3374 videtur
