<?xml version="1.0" encoding="UTF-8"?>
<!DOCTYPE html PUBLIC "-//W3C//DTD XHTML 1.0 Transitional//EN"
    "http://www.w3.org/TR/xhtml1/DTD/xhtml1-transitional.dtd">
<html xmlns="http://www.w3.org/1999/xhtml" xml:lang="en" lang="en">
 <head>
  <title>
</title>
<meta http-equiv="Content-Type" content="text/html;charset=utf-8" />
  <meta name='ocr-system' content='tesseract 3.04.00' />
  <meta name='ocr-capabilities' content='ocr_page ocr_carea ocr_par ocr_line ocrx_word'/>
</head>
<body>
  <div class='ocr_page' id='page_1' title='image "./prosopographiaim03akaduoft/prosopographiaim03akaduoft_0180.png"; bbox 0 0 2242 3672; ppageno 0'>
   <div class='ocr_carea' id='block_1_1' title="bbox 216 245 2018 294">
    <p class='ocr_par' dir='ltr' id='par_1_1' title="bbox 216 245 2018 294">
     <span class='ocr_line' id='line_1_1' title="bbox 216 245 2018 294; baseline -0.005 0"><span class='ocrx_word' id='word_1_1' title='bbox 216 256 426 294; x_wconf 79' lang='lat' dir='ltr'><strong>SALVIVS</strong></span> <span class='ocrx_word' id='word_1_2' title='bbox 1077 245 1158 288; x_wconf 90' lang='lat'>168</span> <span class='ocrx_word' id='word_1_3' title='bbox 1812 250 2018 286; x_wconf 83' lang='lat' dir='ltr'>sALv1vs</span> 
     </span>
    </p>
   </div>
   <div class='ocr_carea' id='block_1_2' title="bbox 219 323 387 327">
    <p class='ocr_par' dir='ltr' id='par_1_2' title="bbox 219 323 387 327">
     <span class='ocr_line' id='line_1_2' title="bbox 219 323 387 327; baseline 0 0"><span class='ocrx_word' id='word_1_4' title='bbox 219 323 387 327; x_wconf 95' lang='lat' dir='ltr'> </span> 
     </span>
    </p>
   </div>
   <div class='ocr_carea' id='block_1_3' title="bbox 214 378 2041 3384">
    <p class='ocr_par' dir='ltr' id='par_1_3' title="bbox 300 378 2024 781">
     <span class='ocr_line' id='line_1_3' title="bbox 302 378 2024 444; baseline -0.005 -13"><span class='ocrx_word' id='word_1_5' title='bbox 302 390 347 431; x_wconf 90' lang='lat' dir='ltr'>in</span> <span class='ocrx_word' id='word_1_6' title='bbox 386 387 636 444; x_wconf 88' lang='lat' dir='ltr'>ampliorem</span> <span class='ocrx_word' id='word_1_7' title='bbox 674 383 855 438; x_wconf 89' lang='lat' dir='ltr'>gradum</span> <span class='ocrx_word' id='word_1_8' title='bbox 886 397 912 424; x_wconf 91' lang='lat' dir='ltr'>a</span> <span class='ocrx_word' id='word_1_9' title='bbox 943 381 1125 424; x_wconf 85' lang='lat' dir='ltr'>Claudio</span> <span class='ocrx_word' id='word_1_10' title='bbox 1162 382 1305 423; x_wconf 79' lang='lat' dir='ltr'>sciret&#39;</span> <span class='ocrx_word' id='word_1_11' title='bbox 1340 379 1457 422; x_wconf 75' lang='lat' dir='ltr'>Suet.</span> <span class='ocrx_word' id='word_1_12' title='bbox 1487 379 1513 422; x_wconf 90' lang='grc' dir='ltr'>Ζ.</span> <span class='ocrx_word' id='word_1_13' title='bbox 1546 393 1579 424; x_wconf 82' lang='lat' dir='ltr'>e.</span> <span class='ocrx_word' id='word_1_14' title='bbox 1613 378 1819 435; x_wconf 76' lang='lat' dir='ltr'>(leyatum</span> <span class='ocrx_word' id='word_1_15' title='bbox 1847 381 2024 436; x_wconf 73' lang='lat' dir='ltr'>Illyrici</span> 
     </span>
     <span class='ocr_line' id='line_1_4' title="bbox 300 448 2021 512; baseline -0.005 -12"><span class='ocrx_word' id='word_1_16' title='bbox 300 458 431 512; x_wconf 76' lang='lat' dir='ltr'>fuisse</span> <span class='ocrx_word' id='word_1_17' title='bbox 469 455 668 499; x_wconf 78' lang='lat' dir='ltr'><strong><em>Othonem</em></strong></span> <span class='ocrx_word' id='word_1_18' title='bbox 707 465 969 505; x_wconf 77' lang='lat' dir='ltr'><em>nequaquam</em></span> <span class='ocrx_word' id='word_1_19' title='bbox 1006 453 1164 493; x_wconf 77' lang='lat' dir='ltr'>certum</span> <span class='ocrx_word' id='word_1_20' title='bbox 1204 449 1292 495; x_wconf 74' lang='lat' dir='ltr'>est).</span> <span class='ocrx_word' id='word_1_21' title='bbox 1355 448 1541 491; x_wconf 76' lang='lat' dir='ltr'><strong>Insidias</strong></span> <span class='ocrx_word' id='word_1_22' title='bbox 1571 448 1626 491; x_wconf 88' lang='lat' dir='ltr'>ab</span> <span class='ocrx_word' id='word_1_23' title='bbox 1658 450 1802 506; x_wconf 89' lang='lat' dir='ltr'>equite</span> <span class='ocrx_word' id='word_1_24' title='bbox 1833 449 2021 506; x_wconf 90' lang='lat' dir='ltr'>quodam</span> 
     </span>
     <span class='ocr_line' id='line_1_5' title="bbox 301 515 2022 572; baseline -0.004 -5"><span class='ocrx_word' id='word_1_25' title='bbox 301 526 493 567; x_wconf 90' lang='lat' dir='ltr'>Romano</span> <span class='ocrx_word' id='word_1_26' title='bbox 530 521 708 565; x_wconf 85' lang='lat' dir='ltr'>Claudio</span> <span class='ocrx_word' id='word_1_27' title='bbox 751 525 934 561; x_wconf 87' lang='lat' dir='ltr'>structas</span> <span class='ocrx_word' id='word_1_28' title='bbox 974 519 1140 560; x_wconf 83' lang='lat' dir='ltr'>detexit</span> <span class='ocrx_word' id='word_1_29' title='bbox 1181 518 1297 562; x_wconf 80' lang='grc' dir='ltr'><em>διιεῖ.</em></span> <span class='ocrx_word' id='word_1_30' title='bbox 1337 518 1394 562; x_wconf 77' lang='lat' dir='ltr'>ib.</span> <span class='ocrx_word' id='word_1_31' title='bbox 1434 515 1634 571; x_wconf 77' lang='lat' dir='ltr'>(fortasse</span> <span class='ocrx_word' id='word_1_32' title='bbox 1665 532 1704 560; x_wconf 86' lang='lat' dir='ltr'>a.</span> <span class='ocrx_word' id='word_1_33' title='bbox 1735 521 1801 569; x_wconf 85' lang='grc'>43,</span> <span class='ocrx_word' id='word_1_34' title='bbox 1846 519 1901 572; x_wconf 84' lang='lat' dir='ltr'>cf.</span> <span class='ocrx_word' id='word_1_35' title='bbox 1932 517 2022 560; x_wconf 75' lang='lat' dir='ltr'>Dio</span> 
     </span>
     <span class='ocr_line' id='line_1_6' title="bbox 300 585 2020 646; baseline -0.003 -11"><span class='ocrx_word' id='word_1_36' title='bbox 300 595 368 642; x_wconf 83' lang='lat'><strong><em>60,</em></strong></span> <span class='ocrx_word' id='word_1_37' title='bbox 400 592 482 646; x_wconf 85' lang='grc'><em>18).</em></span> <span class='ocrx_word' id='word_1_38' title='bbox 542 589 646 632; x_wconf 88' lang='lat' dir='ltr'>Ideo</span> <span class='ocrx_word' id='word_1_39' title='bbox 687 604 713 630; x_wconf 94' lang='lat' dir='ltr'>a</span> <span class='ocrx_word' id='word_1_40' title='bbox 752 594 905 629; x_wconf 89' lang='lat' dir='ltr'>senatu</span> <span class='ocrx_word' id='word_1_41' title='bbox 946 586 1181 629; x_wconf 89' lang='lat' dir='ltr'>honoratus</span> <span class='ocrx_word' id='word_1_42' title='bbox 1221 592 1364 629; x_wconf 88' lang='lat' dir='ltr'>statua</span> <span class='ocrx_word' id='word_1_43' title='bbox 1404 586 1447 627; x_wconf 92' lang='lat' dir='ltr'>in</span> <span class='ocrx_word' id='word_1_44' title='bbox 1488 585 1655 628; x_wconf 88' lang='lat' dir='ltr'>Palatio</span> <span class='ocrx_word' id='word_1_45' title='bbox 1695 588 1835 643; x_wconf 87' lang='lat' dir='ltr'>posita</span> <span class='ocrx_word' id='word_1_46' title='bbox 1864 587 1921 630; x_wconf 75' lang='lat' dir='ltr'>ib.</span> <span class='ocrx_word' id='word_1_47' title='bbox 1982 587 2020 629; x_wconf 91' lang='lat' dir='ltr'><strong>A</strong></span> 
     </span>
     <span class='ocr_line' id='line_1_7' title="bbox 305 653 2020 712; baseline -0.003 -10"><span class='ocrx_word' id='word_1_48' title='bbox 305 659 488 702; x_wconf 86' lang='lat' dir='ltr'>Claudio</span> <span class='ocrx_word' id='word_1_49' title='bbox 520 656 712 699; x_wconf 88' lang='lat' dir='ltr'>adlectus</span> <span class='ocrx_word' id='word_1_50' title='bbox 740 657 854 697; x_wconf 90' lang='lat' dir='ltr'>inter</span> <span class='ocrx_word' id='word_1_51' title='bbox 882 656 1088 712; x_wconf 87' lang='lat' dir='ltr'>patricios</span> <span class='ocrx_word' id='word_1_52' title='bbox 1114 657 1172 709; x_wconf 82' lang='lat' dir='ltr'>(a.</span> <span class='ocrx_word' id='word_1_53' title='bbox 1193 654 1277 710; x_wconf 83' lang='grc'><em>48),</em></span> <span class='ocrx_word' id='word_1_54' title='bbox 1312 661 1354 697; x_wconf 90' lang='lat' dir='ltr'>et</span> <span class='ocrx_word' id='word_1_55' title='bbox 1372 653 1634 710; x_wconf 84' lang='lat' dir='ltr'>amplissime</span> <span class='ocrx_word' id='word_1_56' title='bbox 1665 654 1934 697; x_wconf 89' lang='lat' dir='ltr'>collaudatus</span> <span class='ocrx_word' id='word_1_57' title='bbox 1963 655 2020 697; x_wconf 78' lang='lat' dir='ltr'>ib.</span> 
     </span>
     <span class='ocr_line' id='line_1_8' title="bbox 303 722 2023 781; baseline -0.002 -12"><span class='ocrx_word' id='word_1_58' title='bbox 303 728 447 770; x_wconf 87' lang='lat' dir='ltr'>Uxor:</span> <span class='ocrx_word' id='word_1_59' title='bbox 480 725 609 768; x_wconf 90' lang='lat' dir='ltr'>Albia</span> <span class='ocrx_word' id='word_1_60' title='bbox 637 724 862 777; x_wconf 81' lang='lat' dir='ltr'>Terentia3</span> <span class='ocrx_word' id='word_1_61' title='bbox 894 722 994 765; x_wconf 83' lang='lat' dir='ltr'>filii:</span> <span class='ocrx_word' id='word_1_62' title='bbox 1031 723 1079 765; x_wconf 90' lang='lat' dir='ltr'>L.</span> <span class='ocrx_word' id='word_1_63' title='bbox 1113 723 1313 765; x_wconf 80' lang='lat' dir='ltr'><strong>Titianus</strong></span> <span class='ocrx_word' id='word_1_64' title='bbox 1345 722 1401 777; x_wconf 81' lang='lat' dir='ltr'>(n.</span> <span class='ocrx_word' id='word_1_65' title='bbox 1433 725 1543 781; x_wconf 89' lang='lat'><strong><em>111),</em></strong></span> <span class='ocrx_word' id='word_1_66' title='bbox 1574 723 1632 766; x_wconf 93' lang='lat' dir='ltr'>M.</span> <span class='ocrx_word' id='word_1_67' title='bbox 1665 722 1779 766; x_wconf 87' lang='lat' dir='ltr'><strong>Otho</strong></span> <span class='ocrx_word' id='word_1_68' title='bbox 1809 723 2023 780; x_wconf 76' lang='lat' dir='ltr'><strong><em>(n.109),·</em></strong></span> 
     </span>
    </p>

    <p class='ocr_par' dir='ltr' id='par_1_4' title="bbox 214 788 2023 905">
     <span class='ocr_line' id='line_1_9' title="bbox 214 788 2023 850; baseline -0.001 -14"><span class='ocrx_word' id='word_1_69' title='bbox 214 788 216 791; x_wconf 12' lang='grc' dir='ltr'><em>Α</em></span> <span class='ocrx_word' id='word_1_70' title='bbox 298 795 397 849; x_wconf 89' lang='lat' dir='ltr'>filia,</span> <span class='ocrx_word' id='word_1_71' title='bbox 429 794 643 850; x_wconf 83' lang='lat' dir='ltr'>desponsa</span> <span class='ocrx_word' id='word_1_72' title='bbox 672 791 901 848; x_wconf 91' lang='lat' dir='ltr'>quondam,</span> <span class='ocrx_word' id='word_1_73' title='bbox 934 806 1033 834; x_wconf 93' lang='lat' dir='ltr'>cum</span> <span class='ocrx_word' id='word_1_74' title='bbox 1053 791 1245 833; x_wconf 87' lang='lat' dir='ltr'>nondum</span> <span class='ocrx_word' id='word_1_75' title='bbox 1266 790 1428 833; x_wconf 88' lang='lat' dir='ltr'>nubilis</span> <span class='ocrx_word' id='word_1_76' title='bbox 1450 798 1572 846; x_wconf 85' lang='lat' dir='ltr'>esset,</span> <span class='ocrx_word' id='word_1_77' title='bbox 1605 792 1751 834; x_wconf 88' lang='lat' dir='ltr'>Druso</span> <span class='ocrx_word' id='word_1_78' title='bbox 1774 792 2023 836; x_wconf 82' lang='lat' dir='ltr'>Germanici</span> 
     </span>
     <span class='ocr_line' id='line_1_10' title="bbox 301 863 476 905; baseline 0 -1"><span class='ocrx_word' id='word_1_79' title='bbox 301 863 389 905; x_wconf 92' lang='lat' dir='ltr'>filio</span> <span class='ocrx_word' id='word_1_80' title='bbox 418 863 476 905; x_wconf 70' lang='lat' dir='ltr'>ib.</span> 
     </span>
    </p>

    <p class='ocr_par' dir='ltr' id='par_1_5' title="bbox 217 928 2027 1602">
     <span class='ocr_line' id='line_1_11' title="bbox 217 928 2021 984; baseline -0.001 -10"><span class='ocrx_word' id='word_1_81' title='bbox 217 931 297 974; x_wconf 84' lang='lat'>108</span> <span class='ocrx_word' id='word_1_82' title='bbox 327 938 378 975; x_wconf 91' lang='grc' dir='ltr'>Μ.</span> <span class='ocrx_word' id='word_1_83' title='bbox 417 937 622 973; x_wconf 87' lang='lat' dir='ltr'><strong>SALVIVS</strong></span> <span class='ocrx_word' id='word_1_84' title='bbox 664 936 795 972; x_wconf 91' lang='lat' dir='ltr'><strong>OTHO</strong></span> <span class='ocrx_word' id='word_1_85' title='bbox 839 935 957 971; x_wconf 90' lang='lat' dir='ltr'>ortus</span> <span class='ocrx_word' id='word_1_86' title='bbox 997 943 1021 970; x_wconf 92' lang='lat' dir='ltr'>e</span> <span class='ocrx_word' id='word_1_87' title='bbox 1059 929 1293 984; x_wconf 88' lang='lat' dir='ltr'>municipio</span> <span class='ocrx_word' id='word_1_88' title='bbox 1324 928 1528 971; x_wconf 84' lang='lat' dir='ltr'>Ferentio</span> <span class='ocrx_word' id='word_1_89' title='bbox 1561 928 1676 972; x_wconf 77' lang='lat' dir='ltr'>Suet.</span> <span class='ocrx_word' id='word_1_90' title='bbox 1713 928 1807 972; x_wconf 77' lang='lat' dir='ltr'><strong>Oth.</strong></span> <span class='ocrx_word' id='word_1_91' title='bbox 1839 933 1883 980; x_wconf 88' lang='lat'><strong><em>1,</em></strong></span> <span class='ocrx_word' id='word_1_92' title='bbox 1922 928 2021 972; x_wconf 78' lang='lat' dir='ltr'>Tac.</span> 
     </span>
     <span class='ocr_line' id='line_1_12' title="bbox 297 996 2026 1052; baseline -0.001 -12"><span class='ocrx_word' id='word_1_93' title='bbox 297 999 336 1043; x_wconf 76' lang='lat' dir='ltr'>h.</span> <span class='ocrx_word' id='word_1_94' title='bbox 367 1002 412 1050; x_wconf 90' lang='grc'>2,</span> <span class='ocrx_word' id='word_1_95' title='bbox 436 1001 491 1042; x_wconf 98' lang='grc'>50</span> <span class='ocrx_word' id='word_1_96' title='bbox 532 997 599 1051; x_wconf 82' lang='lat' dir='ltr'>(de</span> <span class='ocrx_word' id='word_1_97' title='bbox 639 998 728 1041; x_wconf 80' lang='lat' dir='ltr'>loco</span> <span class='ocrx_word' id='word_1_98' title='bbox 767 998 822 1052; x_wconf 77' lang='lat' dir='ltr'>cf.</span> <span class='ocrx_word' id='word_1_99' title='bbox 853 997 1078 1040; x_wconf 66' lang='lat' dir='ltr'>Bormam</span> <span class='ocrx_word' id='word_1_100' title='bbox 1113 996 1228 1039; x_wconf 78' lang='lat' dir='ltr'><strong>CIL.</strong></span> <span class='ocrx_word' id='word_1_101' title='bbox 1258 996 1343 1039; x_wconf 91' lang='lat' dir='ltr'>XI</span> <span class='ocrx_word' id='word_1_102' title='bbox 1356 1011 1405 1051; x_wconf 74' lang='lat' dir='ltr'>p.</span> <span class='ocrx_word' id='word_1_103' title='bbox 1435 996 1545 1050; x_wconf 87' lang='grc'><em>454),</em></span> <span class='ocrx_word' id='word_1_104' title='bbox 1580 996 1759 1039; x_wconf 86' lang='lat' dir='ltr'>‘familia</span> <span class='ocrx_word' id='word_1_105' title='bbox 1796 1003 1943 1040; x_wconf 87' lang='lat' dir='ltr'>vetere</span> <span class='ocrx_word' id='word_1_106' title='bbox 1983 1003 2026 1039; x_wconf 91' lang='lat' dir='ltr'>et</span> 
     </span>
     <span class='ocr_line' id='line_1_13' title="bbox 298 1065 2026 1123; baseline -0.001 -14"><span class='ocrx_word' id='word_1_107' title='bbox 298 1067 524 1122; x_wconf 92' lang='lat' dir='ltr'>honorata,</span> <span class='ocrx_word' id='word_1_108' title='bbox 567 1074 697 1123; x_wconf 89' lang='lat' dir='ltr'>atque</span> <span class='ocrx_word' id='word_1_109' title='bbox 736 1081 791 1108; x_wconf 86' lang='lat' dir='ltr'>ex</span> <span class='ocrx_word' id='word_1_110' title='bbox 829 1066 1099 1123; x_wconf 89' lang='lat' dir='ltr'>principibus</span> <span class='ocrx_word' id='word_1_111' title='bbox 1139 1066 1356 1108; x_wconf 84' lang='lat' dir='ltr'>Etruriae’</span> <span class='ocrx_word' id='word_1_112' title='bbox 1401 1065 1516 1109; x_wconf 78' lang='lat' dir='ltr'>Suet.</span> <span class='ocrx_word' id='word_1_113' title='bbox 1559 1065 1585 1108; x_wconf 92' lang='grc' dir='ltr'>Ζ.</span> <span class='ocrx_word' id='word_1_114' title='bbox 1625 1080 1683 1117; x_wconf 77' lang='grc'>0.,</span> <span class='ocrx_word' id='word_1_115' title='bbox 1719 1073 1842 1123; x_wconf 89' lang='lat' dir='ltr'>patre</span> <span class='ocrx_word' id='word_1_116' title='bbox 1882 1067 2026 1123; x_wconf 87' lang='lat' dir='ltr'>equite</span> 
     </span>
     <span class='ocr_line' id='line_1_14' title="bbox 300 1134 2027 1191; baseline -0.001 -13"><span class='ocrx_word' id='word_1_117' title='bbox 300 1136 504 1190; x_wconf 88' lang='lat' dir='ltr'>Romano,</span> <span class='ocrx_word' id='word_1_118' title='bbox 537 1142 674 1178; x_wconf 87' lang='lat' dir='ltr'>matre</span> <span class='ocrx_word' id='word_1_119' title='bbox 704 1135 870 1189; x_wconf 87' lang='lat' dir='ltr'>humili,</span> <span class='ocrx_word' id='word_1_120' title='bbox 902 1135 1115 1176; x_wconf 89' lang='lat' dir='ltr'>incertum</span> <span class='ocrx_word' id='word_1_121' title='bbox 1145 1149 1201 1176; x_wconf 92' lang='lat' dir='ltr'>an</span> <span class='ocrx_word' id='word_1_122' title='bbox 1230 1135 1420 1189; x_wconf 88' lang='lat' dir='ltr'>ingenua</span> <span class='ocrx_word' id='word_1_123' title='bbox 1448 1134 1519 1185; x_wconf 70' lang='lat' dir='ltr'>ib„</span> <span class='ocrx_word' id='word_1_124' title='bbox 1561 1149 1642 1191; x_wconf 90' lang='lat' dir='ltr'>per</span> <span class='ocrx_word' id='word_1_125' title='bbox 1670 1135 1853 1190; x_wconf 83' lang='lat' dir='ltr'>gratiam</span> <span class='ocrx_word' id='word_1_126' title='bbox 1873 1135 2027 1177; x_wconf 87' lang='lat' dir='ltr'>Liviae</span> 
     </span>
     <span class='ocr_line' id='line_1_15' title="bbox 297 1202 2026 1260; baseline -0.001 -13"><span class='ocrx_word' id='word_1_127' title='bbox 297 1203 543 1260; x_wconf 82' lang='lat' dir='ltr'>Augustae,</span> <span class='ocrx_word' id='word_1_128' title='bbox 586 1205 631 1246; x_wconf 91' lang='lat' dir='ltr'>in</span> <span class='ocrx_word' id='word_1_129' title='bbox 661 1204 784 1246; x_wconf 88' lang='lat' dir='ltr'>cuius</span> <span class='ocrx_word' id='word_1_130' title='bbox 820 1203 944 1245; x_wconf 88' lang='lat' dir='ltr'>domo</span> <span class='ocrx_word' id='word_1_131' title='bbox 977 1209 1187 1254; x_wconf 87' lang='lat' dir='ltr'>creverat,</span> <span class='ocrx_word' id='word_1_132' title='bbox 1219 1209 1394 1245; x_wconf 87' lang='lat' dir='ltr'>senator</span> <span class='ocrx_word' id='word_1_133' title='bbox 1423 1210 1489 1245; x_wconf 86' lang='lat' dir='ltr'>est</span> <span class='ocrx_word' id='word_1_134' title='bbox 1517 1202 1657 1245; x_wconf 88' lang='lat' dir='ltr'>factus</span> <span class='ocrx_word' id='word_1_135' title='bbox 1686 1204 1744 1246; x_wconf 70' lang='lat' dir='ltr'>ib.</span> <span class='ocrx_word' id='word_1_136' title='bbox 1804 1203 2026 1246; x_wconf 86' lang='lat' dir='ltr'>Triumvir</span> 
     </span>
     <span class='ocr_line' id='line_1_16' title="bbox 298 1270 2027 1329; baseline 0.001 -16"><span class='ocrx_word' id='word_1_137' title='bbox 298 1272 523 1314; x_wconf 87' lang='lat' dir='ltr'>monetalis</span> <span class='ocrx_word' id='word_1_138' title='bbox 563 1271 707 1329; x_wconf 92' lang='lat' dir='ltr'>paullo</span> <span class='ocrx_word' id='word_1_139' title='bbox 748 1277 847 1329; x_wconf 86' lang='lat' dir='ltr'>post</span> <span class='ocrx_word' id='word_1_140' title='bbox 881 1287 918 1314; x_wconf 92' lang='lat' dir='ltr'>a.</span> <span class='ocrx_word' id='word_1_141' title='bbox 953 1271 1035 1314; x_wconf 84' lang='lat'>742</span> <span class='ocrx_word' id='word_1_142' title='bbox 1064 1271 1229 1313; x_wconf 76' lang='lat' dir='ltr'>nummi</span> <span class='ocrx_word' id='word_1_143' title='bbox 1257 1271 1378 1313; x_wconf 75' lang='lat' dir='ltr'>aenei</span> <span class='ocrx_word' id='word_1_144' title='bbox 1406 1285 1474 1325; x_wconf 72' lang='lat' dir='ltr'>ap.</span> <span class='ocrx_word' id='word_1_145' title='bbox 1506 1270 1701 1314; x_wconf 73' lang='lat' dir='ltr'>Babelon</span> <span class='ocrx_word' id='word_1_146' title='bbox 1728 1272 1948 1314; x_wconf 77' lang='lat' dir='ltr'>monnaies</span> <span class='ocrx_word' id='word_1_147' title='bbox 1977 1271 2027 1314; x_wconf 80' lang='lat' dir='ltr'>de</span> 
     </span>
     <span class='ocr_line' id='line_1_17' title="bbox 300 1339 2026 1395; baseline 0 -13"><span class='ocrx_word' id='word_1_148' title='bbox 300 1340 345 1382; x_wconf 82' lang='lat' dir='ltr'>la</span> <span class='ocrx_word' id='word_1_149' title='bbox 373 1343 461 1395; x_wconf 67' lang='lat' dir='ltr'>rep.</span> <span class='ocrx_word' id='word_1_150' title='bbox 491 1355 596 1382; x_wconf 80' lang='lat' dir='ltr'>rom.</span> <span class='ocrx_word' id='word_1_151' title='bbox 618 1341 680 1383; x_wconf 89' lang='lat' dir='ltr'>II</span> <span class='ocrx_word' id='word_1_152' title='bbox 692 1355 741 1395; x_wconf 74' lang='lat' dir='ltr'>p.</span> <span class='ocrx_word' id='word_1_153' title='bbox 764 1343 856 1390; x_wconf 84' lang='grc'><em>415,</em></span> <span class='ocrx_word' id='word_1_154' title='bbox 900 1340 956 1394; x_wconf 80' lang='lat' dir='ltr'>cf.</span> <span class='ocrx_word' id='word_1_155' title='bbox 985 1353 1119 1394; x_wconf 74' lang='lat' dir='ltr'>supra</span> <span class='ocrx_word' id='word_1_156' title='bbox 1147 1339 1223 1381; x_wconf 79' lang='lat' dir='ltr'>sub</span> <span class='ocrx_word' id='word_1_157' title='bbox 1256 1339 1308 1383; x_wconf 86' lang='lat' dir='ltr'><strong>P.</strong></span> <span class='ocrx_word' id='word_1_158' title='bbox 1339 1340 1476 1381; x_wconf 77' lang='grc' dir='ltr'><em>ΙΛινιο</em></span> <span class='ocrx_word' id='word_1_159' title='bbox 1505 1339 1706 1395; x_wconf 74' lang='lat' dir='ltr'>Ayrippa</span> <span class='ocrx_word' id='word_1_160' title='bbox 1735 1343 1775 1382; x_wconf 86' lang='grc' dir='ltr'>εῖ</span> <span class='ocrx_word' id='word_1_161' title='bbox 1802 1341 1868 1383; x_wconf 89' lang='lat' dir='ltr'><strong>M.</strong></span> <span class='ocrx_word' id='word_1_162' title='bbox 1901 1340 2026 1382; x_wconf 85' lang='lat' dir='ltr'>Mae-</span> 
     </span>
     <span class='ocr_line' id='line_1_18' title="bbox 299 1407 2026 1465; baseline 0.001 -14"><span class='ocrx_word' id='word_1_163' title='bbox 299 1409 399 1451; x_wconf 70' lang='lat' dir='ltr'>cilio</span> <span class='ocrx_word' id='word_1_164' title='bbox 424 1409 561 1451; x_wconf 79' lang='lat' dir='ltr'>Tullo.</span> <span class='ocrx_word' id='word_1_165' title='bbox 589 1408 660 1451; x_wconf 88' lang='lat' dir='ltr'>Ad</span> <span class='ocrx_word' id='word_1_166' title='bbox 680 1415 928 1465; x_wconf 89' lang='lat' dir='ltr'>praeturam</span> <span class='ocrx_word' id='word_1_167' title='bbox 950 1423 1086 1464; x_wconf 91' lang='lat' dir='ltr'>usque</span> <span class='ocrx_word' id='word_1_168' title='bbox 1107 1408 1306 1464; x_wconf 90' lang='lat' dir='ltr'>pervenit</span> <span class='ocrx_word' id='word_1_169' title='bbox 1325 1407 1442 1451; x_wconf 79' lang='lat' dir='ltr'>Suet.</span> <span class='ocrx_word' id='word_1_170' title='bbox 1463 1407 1558 1451; x_wconf 78' lang='lat' dir='ltr'><strong>Oth.</strong></span> <span class='ocrx_word' id='word_1_171' title='bbox 1574 1412 1611 1459; x_wconf 89' lang='lat'><strong><em>1,</em></strong></span> <span class='ocrx_word' id='word_1_172' title='bbox 1635 1409 1689 1463; x_wconf 81' lang='lat' dir='ltr'>cf.</span> <span class='ocrx_word' id='word_1_173' title='bbox 1712 1409 1811 1452; x_wconf 80' lang='lat' dir='ltr'>Tac.</span> <span class='ocrx_word' id='word_1_174' title='bbox 1831 1408 1871 1451; x_wconf 78' lang='lat' dir='ltr'><strong>h.</strong></span> <span class='ocrx_word' id='word_1_175' title='bbox 1893 1411 1936 1459; x_wconf 91' lang='grc'>2,</span> <span class='ocrx_word' id='word_1_176' title='bbox 1958 1410 2026 1452; x_wconf 89' lang='grc'>50.</span> 
     </span>
     <span class='ocr_line' id='line_1_19' title="bbox 299 1475 2024 1533; baseline 0.001 -15"><span class='ocrx_word' id='word_1_177' title='bbox 299 1476 491 1519; x_wconf 86' lang='lat' dir='ltr'>Uxorem</span> <span class='ocrx_word' id='word_1_178' title='bbox 522 1477 673 1520; x_wconf 90' lang='lat' dir='ltr'>habuit</span> <span class='ocrx_word' id='word_1_179' title='bbox 702 1476 889 1520; x_wconf 90' lang='lat' dir='ltr'>nobilem</span> <span class='ocrx_word' id='word_1_180' title='bbox 915 1476 1032 1520; x_wconf 78' lang='lat' dir='ltr'>Suet.</span> <span class='ocrx_word' id='word_1_181' title='bbox 1064 1475 1093 1518; x_wconf 90' lang='grc' dir='ltr'>Ζ.</span> <span class='ocrx_word' id='word_1_182' title='bbox 1114 1489 1148 1518; x_wconf 82' lang='grc' dir='ltr'>ε.</span> <span class='ocrx_word' id='word_1_183' title='bbox 1198 1476 1329 1518; x_wconf 87' lang='lat' dir='ltr'>Pater</span> <span class='ocrx_word' id='word_1_184' title='bbox 1358 1476 1409 1518; x_wconf 92' lang='lat' dir='ltr'>L.</span> <span class='ocrx_word' id='word_1_185' title='bbox 1444 1475 1580 1518; x_wconf 86' lang='lat' dir='ltr'>Salvii</span> <span class='ocrx_word' id='word_1_186' title='bbox 1612 1476 1796 1519; x_wconf 89' lang='lat' dir='ltr'>Othonis</span> <span class='ocrx_word' id='word_1_187' title='bbox 1827 1477 1885 1533; x_wconf 80' lang='lat' dir='ltr'>(n.</span> <span class='ocrx_word' id='word_1_188' title='bbox 1911 1479 2024 1533; x_wconf 88' lang='grc'><em>107),</em></span> 
     </span>
     <span class='ocr_line' id='line_1_20' title="bbox 299 1545 1008 1602; baseline 0 -15"><span class='ocrx_word' id='word_1_189' title='bbox 299 1560 406 1587; x_wconf 87' lang='lat' dir='ltr'>avus</span> <span class='ocrx_word' id='word_1_190' title='bbox 437 1545 620 1588; x_wconf 90' lang='lat' dir='ltr'>Othonis</span> <span class='ocrx_word' id='word_1_191' title='bbox 650 1545 923 1602; x_wconf 89' lang='lat' dir='ltr'>imperatoris</span> <span class='ocrx_word' id='word_1_192' title='bbox 951 1545 1008 1587; x_wconf 73' lang='lat' dir='ltr'>ib.</span> 
     </span>
    </p>

    <p class='ocr_par' dir='ltr' id='par_1_6' title="bbox 219 1613 2041 3384">
     <span class='ocr_line' id='line_1_21' title="bbox 219 1613 2028 1658; baseline 0.001 -4"><span class='ocrx_word' id='word_1_193' title='bbox 219 1613 300 1655; x_wconf 87' lang='grc'>109</span> <span class='ocrx_word' id='word_1_194' title='bbox 332 1620 383 1658; x_wconf 94' lang='grc' dir='ltr'>Μ.</span> <span class='ocrx_word' id='word_1_195' title='bbox 408 1621 614 1656; x_wconf 84' lang='lat' dir='ltr'><strong>SALVIVS</strong></span> <span class='ocrx_word' id='word_1_196' title='bbox 637 1620 768 1656; x_wconf 91' lang='lat' dir='ltr'><strong>OTHO</strong></span> <span class='ocrx_word' id='word_1_197' title='bbox 790 1634 847 1649; x_wconf 88' lang='lat'><strong><em>=</em></strong></span> <span class='ocrx_word' id='word_1_198' title='bbox 867 1619 968 1656; x_wconf 89' lang='lat' dir='ltr'><strong>IMP.</strong></span> <span class='ocrx_word' id='word_1_199' title='bbox 990 1620 1043 1657; x_wconf 89' lang='lat' dir='ltr'>M.</span> <span class='ocrx_word' id='word_1_200' title='bbox 1066 1618 1198 1654; x_wconf 92' lang='lat' dir='ltr'><strong>OTHO</strong></span> <span class='ocrx_word' id='word_1_201' title='bbox 1231 1618 1428 1655; x_wconf 82' lang='lat' dir='ltr'><strong>CAESAR</strong></span> <span class='ocrx_word' id='word_1_202' title='bbox 1457 1619 1571 1657; x_wconf 85' lang='lat' dir='ltr'><strong>AVG.</strong></span> <span class='ocrx_word' id='word_1_203' title='bbox 1603 1614 1653 1655; x_wconf 87' lang='lat' dir='ltr'>L.</span> <span class='ocrx_word' id='word_1_204' title='bbox 1678 1613 1814 1656; x_wconf 75' lang='lat' dir='ltr'>Salvii</span> <span class='ocrx_word' id='word_1_205' title='bbox 1844 1613 2028 1657; x_wconf 76' lang='lat' dir='ltr'>Othonis</span> 
     </span>
     <span class='ocr_line' id='line_1_22' title="bbox 301 1681 2028 1737; baseline 0.001 -13"><span class='ocrx_word' id='word_1_206' title='bbox 301 1683 449 1737; x_wconf 73' lang='lat' dir='ltr'>(supra</span> <span class='ocrx_word' id='word_1_207' title='bbox 471 1697 513 1725; x_wconf 75' lang='grc' dir='ltr'>ιι.</span> <span class='ocrx_word' id='word_1_208' title='bbox 535 1682 633 1737; x_wconf 90' lang='grc'><em>107)</em></span> <span class='ocrx_word' id='word_1_209' title='bbox 663 1697 720 1724; x_wconf 84' lang='lat' dir='ltr'>ex</span> <span class='ocrx_word' id='word_1_210' title='bbox 738 1681 870 1725; x_wconf 89' lang='lat' dir='ltr'>Albia</span> <span class='ocrx_word' id='word_1_211' title='bbox 898 1681 1105 1724; x_wconf 88' lang='lat' dir='ltr'>Terentia</span> <span class='ocrx_word' id='word_1_212' title='bbox 1133 1681 1247 1723; x_wconf 84' lang='lat' dir='ltr'>filius</span> <span class='ocrx_word' id='word_1_213' title='bbox 1274 1682 1415 1723; x_wconf 90' lang='lat' dir='ltr'>minor</span> <span class='ocrx_word' id='word_1_214' title='bbox 1438 1681 1555 1724; x_wconf 78' lang='lat' dir='ltr'>Suet.</span> <span class='ocrx_word' id='word_1_215' title='bbox 1580 1681 1674 1726; x_wconf 77' lang='lat' dir='ltr'>Oth.</span> <span class='ocrx_word' id='word_1_216' title='bbox 1699 1685 1726 1724; x_wconf 86' lang='lat'><strong><em>1</em></strong></span> <span class='ocrx_word' id='word_1_217' title='bbox 1748 1682 2028 1737; x_wconf 58' lang='lat' dir='ltr'>(maternum</span> 
     </span>
     <span class='ocr_line' id='line_1_23' title="bbox 301 1749 2030 1807; baseline 0.001 -14"><span class='ocrx_word' id='word_1_218' title='bbox 301 1764 435 1804; x_wconf 86' lang='lat' dir='ltr'>genus</span> <span class='ocrx_word' id='word_1_219' title='bbox 480 1753 620 1807; x_wconf 84' lang='lat' dir='ltr'>impar</span> <span class='ocrx_word' id='word_1_220' title='bbox 658 1766 737 1793; x_wconf 88' lang='lat' dir='ltr'>nec</span> <span class='ocrx_word' id='word_1_221' title='bbox 768 1757 915 1793; x_wconf 87' lang='lat' dir='ltr'>tamen</span> <span class='ocrx_word' id='word_1_222' title='bbox 945 1750 1211 1792; x_wconf 80' lang='lat' dir='ltr'>indecorum&#39;</span> <span class='ocrx_word' id='word_1_223' title='bbox 1245 1750 1342 1794; x_wconf 81' lang='lat' dir='ltr'>Tac.</span> <span class='ocrx_word' id='word_1_224' title='bbox 1370 1749 1411 1792; x_wconf 77' lang='grc' dir='ltr'>Ῐι.</span> <span class='ocrx_word' id='word_1_225' title='bbox 1442 1753 1485 1800; x_wconf 89' lang='grc'>2,</span> <span class='ocrx_word' id='word_1_226' title='bbox 1516 1752 1572 1792; x_wconf 91' lang='grc'>50</span> <span class='ocrx_word' id='word_1_227' title='bbox 1582 1763 1596 1801; x_wconf 86' lang='grc'><em>;</em></span> <span class='ocrx_word' id='word_1_228' title='bbox 1631 1757 1840 1804; x_wconf 80' lang='lat' dir='ltr'>cmaterno</span> <span class='ocrx_word' id='word_1_229' title='bbox 1869 1765 2030 1806; x_wconf 85' lang='lat' dir='ltr'>genere</span> 
     </span>
     <span class='ocr_line' id='line_1_24' title="bbox 307 1818 2030 1876; baseline 0.001 -16"><span class='ocrx_word' id='word_1_230' title='bbox 307 1818 491 1861; x_wconf 90' lang='lat' dir='ltr'>nobilior</span> <span class='ocrx_word' id='word_1_231' title='bbox 518 1835 648 1876; x_wconf 91' lang='lat' dir='ltr'>quam</span> <span class='ocrx_word' id='word_1_232' title='bbox 678 1826 874 1876; x_wconf 81' lang='lat' dir='ltr'>paterno³</span> <span class='ocrx_word' id='word_1_233' title='bbox 907 1819 1089 1873; x_wconf 64' lang='lat' dir='ltr'>ffltrop.</span> <span class='ocrx_word' id='word_1_234' title='bbox 1123 1822 1160 1869; x_wconf 90' lang='grc'>7,</span> <span class='ocrx_word' id='word_1_235' title='bbox 1191 1821 1256 1869; x_wconf 90' lang='grc'>17,</span> <span class='ocrx_word' id='word_1_236' title='bbox 1287 1832 1373 1860; x_wconf 78' lang='lat' dir='ltr'>non</span> <span class='ocrx_word' id='word_1_237' title='bbox 1402 1820 1553 1874; x_wconf 77' lang='lat' dir='ltr'>reete),</span> <span class='ocrx_word' id='word_1_238' title='bbox 1584 1819 1635 1863; x_wconf 88' lang='lat' dir='ltr'>L.</span> <span class='ocrx_word' id='word_1_239' title='bbox 1671 1818 1807 1862; x_wconf 86' lang='lat' dir='ltr'>Salvii</span> <span class='ocrx_word' id='word_1_240' title='bbox 1845 1819 2030 1867; x_wconf 88' lang='lat' dir='ltr'>Othonis</span> 
     </span>
     <span class='ocr_line' id='line_1_25' title="bbox 303 1884 2032 1944; baseline 0.002 -15"><span class='ocrx_word' id='word_1_241' title='bbox 303 1887 464 1930; x_wconf 89' lang='lat' dir='ltr'>Titiani</span> <span class='ocrx_word' id='word_1_242' title='bbox 495 1888 639 1943; x_wconf 89' lang='lat' dir='ltr'>frater,</span> <span class='ocrx_word' id='word_1_243' title='bbox 670 1888 730 1930; x_wconf 91' lang='lat' dir='ltr'>M.</span> <span class='ocrx_word' id='word_1_244' title='bbox 753 1887 889 1931; x_wconf 83' lang='lat' dir='ltr'>Salvii</span> <span class='ocrx_word' id='word_1_245' title='bbox 911 1887 1094 1930; x_wconf 89' lang='lat' dir='ltr'>Othonis</span> <span class='ocrx_word' id='word_1_246' title='bbox 1126 1884 1232 1939; x_wconf 76' lang='lat' dir='ltr'>(eius</span> <span class='ocrx_word' id='word_1_247' title='bbox 1261 1887 1335 1941; x_wconf 78' lang='lat' dir='ltr'>qm·</span> <span class='ocrx_word' id='word_1_248' title='bbox 1353 1886 1591 1941; x_wconf 69' lang='lat' dir='ltr'>praeeedit)</span> <span class='ocrx_word' id='word_1_249' title='bbox 1621 1902 1755 1944; x_wconf 88' lang='lat' dir='ltr'>nepos</span> <span class='ocrx_word' id='word_1_250' title='bbox 1779 1887 1901 1931; x_wconf 78' lang='lat' dir='ltr'>Suet.</span> <span class='ocrx_word' id='word_1_251' title='bbox 1923 1888 1949 1932; x_wconf 95' lang='grc' dir='ltr'>Ζ.</span> <span class='ocrx_word' id='word_1_252' title='bbox 1971 1902 2032 1942; x_wconf 84' lang='grc' dir='ltr'>ε.;</span> 
     </span>
     <span class='ocr_line' id='line_1_26' title="bbox 304 1955 2028 2009; baseline 0.002 -12"><span class='ocrx_word' id='word_1_253' title='bbox 304 1956 358 2009; x_wconf 81' lang='lat' dir='ltr'>cf.</span> <span class='ocrx_word' id='word_1_254' title='bbox 396 1957 492 2000; x_wconf 82' lang='lat' dir='ltr'>Tac.</span> <span class='ocrx_word' id='word_1_255' title='bbox 533 1956 560 1999; x_wconf 90' lang='grc' dir='ltr'>Ζ.</span> <span class='ocrx_word' id='word_1_256' title='bbox 592 1970 625 1999; x_wconf 83' lang='grc' dir='ltr'>ε.</span> <span class='ocrx_word' id='word_1_257' title='bbox 682 1956 820 1998; x_wconf 85' lang='lat' dir='ltr'>Natus</span> <span class='ocrx_word' id='word_1_258' title='bbox 861 1971 973 1998; x_wconf 90' lang='lat' dir='ltr'>anno</span> <span class='ocrx_word' id='word_1_259' title='bbox 1005 1957 1060 1998; x_wconf 87' lang='grc'>32</span> <span class='ocrx_word' id='word_1_260' title='bbox 1101 1955 1218 1999; x_wconf 87' lang='grc' dir='ltr'><em>διιεῖ.</em></span> <span class='ocrx_word' id='word_1_261' title='bbox 1249 1958 1292 1998; x_wconf 94' lang='grc'>2.</span> <span class='ocrx_word' id='word_1_262' title='bbox 1323 1958 1390 2006; x_wconf 88' lang='grc'>11,</span> <span class='ocrx_word' id='word_1_263' title='bbox 1432 1956 1486 2009; x_wconf 81' lang='lat' dir='ltr'>cf.</span> <span class='ocrx_word' id='word_1_264' title='bbox 1524 1956 1622 1998; x_wconf 84' lang='grc' dir='ltr'><em>Ταε.</em></span> <span class='ocrx_word' id='word_1_265' title='bbox 1658 1956 1698 1999; x_wconf 76' lang='lat' dir='ltr'>h.</span> <span class='ocrx_word' id='word_1_266' title='bbox 1729 1960 1773 2008; x_wconf 97' lang='grc'>2,</span> <span class='ocrx_word' id='word_1_267' title='bbox 1801 1960 1867 2009; x_wconf 87' lang='grc'>49,</span> <span class='ocrx_word' id='word_1_268' title='bbox 1909 1957 2028 2001; x_wconf 76' lang='grc' dir='ltr'><em>ΡΖιιῖ.</em></span> 
     </span>
     <span class='ocr_line' id='line_1_27' title="bbox 304 2023 2032 2083; baseline 0.002 -17"><span class='ocrx_word' id='word_1_269' title='bbox 304 2024 397 2067; x_wconf 78' lang='lat' dir='ltr'>Oth.</span> <span class='ocrx_word' id='word_1_270' title='bbox 429 2027 495 2075; x_wconf 87' lang='grc'>18,</span> <span class='ocrx_word' id='word_1_271' title='bbox 526 2024 615 2067; x_wconf 65' lang='lat' dir='ltr'>Dio</span> <span class='ocrx_word' id='word_1_272' title='bbox 646 2027 711 2075; x_wconf 80' lang='grc'>64,</span> <span class='ocrx_word' id='word_1_273' title='bbox 734 2027 800 2075; x_wconf 89' lang='grc'>15,</span> <span class='ocrx_word' id='word_1_274' title='bbox 832 2024 871 2067; x_wconf 88' lang='lat' dir='ltr'><strong>d.</strong></span> <span class='ocrx_word' id='word_1_275' title='bbox 903 2024 994 2067; x_wconf 94' lang='lat' dir='ltr'>IIII</span> <span class='ocrx_word' id='word_1_276' title='bbox 1026 2023 1114 2066; x_wconf 88' lang='lat' dir='ltr'>kal.</span> <span class='ocrx_word' id='word_1_277' title='bbox 1144 2023 1248 2066; x_wconf 92' lang='lat' dir='ltr'>Mai.</span> <span class='ocrx_word' id='word_1_278' title='bbox 1275 2023 1392 2067; x_wconf 79' lang='lat' dir='ltr'>Suet.</span> <span class='ocrx_word' id='word_1_279' title='bbox 1413 2027 1457 2074; x_wconf 89' lang='grc'>2,</span> <span class='ocrx_word' id='word_1_280' title='bbox 1489 2025 1544 2078; x_wconf 80' lang='lat' dir='ltr'>cf.</span> <span class='ocrx_word' id='word_1_281' title='bbox 1566 2024 1654 2066; x_wconf 78' lang='lat' dir='ltr'>Dio</span> <span class='ocrx_word' id='word_1_282' title='bbox 1675 2024 1702 2067; x_wconf 89' lang='grc' dir='ltr'>Ζ.</span> <span class='ocrx_word' id='word_1_283' title='bbox 1725 2039 1758 2068; x_wconf 85' lang='grc' dir='ltr'>ε.</span> <span class='ocrx_word' id='word_1_284' title='bbox 1807 2025 1864 2068; x_wconf 84' lang='lat' dir='ltr'>‘A</span> <span class='ocrx_word' id='word_1_285' title='bbox 1891 2027 2032 2083; x_wconf 85' lang='lat' dir='ltr'>prima</span> 
     </span>
     <span class='ocr_line' id='line_1_28' title="bbox 305 2092 2033 2149; baseline 0.003 -15"><span class='ocrx_word' id='word_1_286' title='bbox 305 2092 599 2135; x_wconf 81' lang='lat' dir='ltr'>adulescentia</span> <span class='ocrx_word' id='word_1_287' title='bbox 618 2093 825 2149; x_wconf 87' lang='lat' dir='ltr'>prodigus</span> <span class='ocrx_word' id='word_1_288' title='bbox 846 2107 898 2134; x_wconf 93' lang='lat' dir='ltr'>ac</span> <span class='ocrx_word' id='word_1_289' title='bbox 916 2099 1096 2149; x_wconf 83' lang='lat' dir='ltr'>procax&#39;</span> <span class='ocrx_word' id='word_1_290' title='bbox 1117 2092 1232 2136; x_wconf 85' lang='grc' dir='ltr'><em>διιεῖ.</em></span> <span class='ocrx_word' id='word_1_291' title='bbox 1254 2095 1309 2143; x_wconf 89' lang='grc'>2,·</span> <span class='ocrx_word' id='word_1_292' title='bbox 1338 2092 1435 2136; x_wconf 81' lang='lat' dir='ltr'>Tac.</span> <span class='ocrx_word' id='word_1_293' title='bbox 1454 2092 1494 2135; x_wconf 77' lang='lat' dir='ltr'><strong>h.</strong></span> <span class='ocrx_word' id='word_1_294' title='bbox 1516 2096 1555 2143; x_wconf 95' lang='lat'><strong><em>1,</em></strong></span> <span class='ocrx_word' id='word_1_295' title='bbox 1577 2096 1651 2144; x_wconf 82' lang='lat'>13;</span> <span class='ocrx_word' id='word_1_296' title='bbox 1672 2093 1791 2137; x_wconf 74' lang='lat' dir='ltr'><strong>Pbut.</strong></span> <span class='ocrx_word' id='word_1_297' title='bbox 1814 2094 1943 2139; x_wconf 77' lang='lat' dir='ltr'>Galb.</span> <span class='ocrx_word' id='word_1_298' title='bbox 1954 2099 2033 2148; x_wconf 89' lang='lat'><strong><em>19,·</em></strong></span> 
     </span>
     <span class='ocr_line' id='line_1_29' title="bbox 305 2161 2030 2218; baseline 0.003 -16"><span class='ocrx_word' id='word_1_299' title='bbox 305 2175 462 2217; x_wconf 87' lang='lat' dir='ltr'>corpus</span> <span class='ocrx_word' id='word_1_300' title='bbox 492 2163 582 2204; x_wconf 86' lang='lat' dir='ltr'>eius</span> <span class='ocrx_word' id='word_1_301' title='bbox 602 2162 731 2203; x_wconf 89' lang='lat' dir='ltr'>molle</span> <span class='ocrx_word' id='word_1_302' title='bbox 753 2169 795 2204; x_wconf 88' lang='lat' dir='ltr'>et</span> <span class='ocrx_word' id='word_1_303' title='bbox 815 2162 1107 2204; x_wconf 89' lang='lat' dir='ltr'>effeminatum</span> <span class='ocrx_word' id='word_1_304' title='bbox 1124 2161 1240 2204; x_wconf 77' lang='lat' dir='ltr'>Suet.</span> <span class='ocrx_word' id='word_1_305' title='bbox 1263 2163 1321 2204; x_wconf 91' lang='grc'>12</span> <span class='ocrx_word' id='word_1_306' title='bbox 1339 2161 1394 2215; x_wconf 79' lang='lat' dir='ltr'>cf.</span> <span class='ocrx_word' id='word_1_307' title='bbox 1415 2161 1604 2204; x_wconf 75' lang='lat' dir='ltr'>Juvenal.</span> <span class='ocrx_word' id='word_1_308' title='bbox 1627 2165 1670 2213; x_wconf 91' lang='grc'>2,</span> <span class='ocrx_word' id='word_1_309' title='bbox 1693 2165 1747 2205; x_wconf 89' lang='grc'>99</span> <span class='ocrx_word' id='word_1_310' title='bbox 1766 2176 1862 2218; x_wconf 73' lang='lat' dir='ltr'>seq„</span> <span class='ocrx_word' id='word_1_311' title='bbox 1893 2165 2030 2210; x_wconf 81' lang='lat' dir='ltr'>Mart.</span> 
     </span>
     <span class='ocr_line' id='line_1_30' title="bbox 307 2229 2032 2286; baseline 0.003 -15"><span class='ocrx_word' id='word_1_312' title='bbox 307 2233 345 2280; x_wconf 84' lang='lat'><strong><em>6,</em></strong></span> <span class='ocrx_word' id='word_1_313' title='bbox 368 2233 440 2281; x_wconf 83' lang='lat'><strong><em>32,</em></strong></span> <span class='ocrx_word' id='word_1_314' title='bbox 461 2233 504 2274; x_wconf 91' lang='grc'><em>2.</em></span> <span class='ocrx_word' id='word_1_315' title='bbox 565 2231 617 2272; x_wconf 84' lang='grc' dir='ltr'>Ι11</span> <span class='ocrx_word' id='word_1_316' title='bbox 648 2229 985 2272; x_wconf 85' lang='lat' dir='ltr'>familiaritatem</span> <span class='ocrx_word' id='word_1_317' title='bbox 1014 2230 1199 2272; x_wconf 87' lang='lat' dir='ltr'>Neronis</span> <span class='ocrx_word' id='word_1_318' title='bbox 1226 2230 1424 2286; x_wconf 90' lang='lat' dir='ltr'>pervenit</span> <span class='ocrx_word' id='word_1_319' title='bbox 1454 2230 1570 2273; x_wconf 87' lang='grc' dir='ltr'><em>διιεῖ.</em></span> <span class='ocrx_word' id='word_1_320' title='bbox 1602 2230 1628 2273; x_wconf 90' lang='grc' dir='ltr'>Ζ.</span> <span class='ocrx_word' id='word_1_321' title='bbox 1661 2245 1708 2282; x_wconf 72' lang='lat' dir='ltr'>c„</span> <span class='ocrx_word' id='word_1_322' title='bbox 1739 2231 1829 2275; x_wconf 74' lang='lat' dir='ltr'>Dio</span> <span class='ocrx_word' id='word_1_323' title='bbox 1857 2236 1922 2284; x_wconf 88' lang='grc'>61,</span> <span class='ocrx_word' id='word_1_324' title='bbox 1955 2237 2032 2285; x_wconf 91' lang='grc'>11;</span> 
     </span>
     <span class='ocr_line' id='line_1_31' title="bbox 308 2298 2034 2354; baseline 0.005 -15"><span class='ocrx_word' id='word_1_325' title='bbox 308 2299 345 2339; x_wconf 90' lang='lat' dir='ltr'>ei</span> <span class='ocrx_word' id='word_1_326' title='bbox 368 2300 559 2340; x_wconf 90' lang='lat' dir='ltr'>omnium</span> <span class='ocrx_word' id='word_1_327' title='bbox 580 2298 857 2341; x_wconf 89' lang='lat' dir='ltr'>consiliorum</span> <span class='ocrx_word' id='word_1_328' title='bbox 876 2305 1226 2354; x_wconf 85' lang='lat' dir='ltr'>secretorumque</span> <span class='ocrx_word' id='word_1_329' title='bbox 1246 2299 1461 2354; x_wconf 82' lang='lat' dir='ltr'>particeps</span> <span class='ocrx_word' id='word_1_330' title='bbox 1479 2298 1596 2341; x_wconf 88' lang='grc' dir='ltr'><em>διιεῖ.</em></span> <span class='ocrx_word' id='word_1_331' title='bbox 1611 2302 1658 2351; x_wconf 87' lang='grc'>3,·</span> <span class='ocrx_word' id='word_1_332' title='bbox 1681 2300 1779 2343; x_wconf 79' lang='lat' dir='ltr'>Tac.</span> <span class='ocrx_word' id='word_1_333' title='bbox 1803 2315 1843 2346; x_wconf 85' lang='lat' dir='ltr'>a.</span> <span class='ocrx_word' id='word_1_334' title='bbox 1864 2305 1929 2353; x_wconf 82' lang='lat'><strong><em>13,</em></strong></span> <span class='ocrx_word' id='word_1_335' title='bbox 1952 2305 2034 2354; x_wconf 79' lang='lat'><strong><em>12,-</em></strong></span> 
     </span>
     <span class='ocr_line' id='line_1_32' title="bbox 303 2366 2033 2423; baseline 0.002 -15"><span class='ocrx_word' id='word_1_336' title='bbox 303 2373 466 2421; x_wconf 79' lang='lat' dir='ltr'>‘gratus</span> <span class='ocrx_word' id='word_1_337' title='bbox 480 2367 644 2409; x_wconf 87' lang='lat' dir='ltr'>Neroni</span> <span class='ocrx_word' id='word_1_338' title='bbox 665 2367 951 2409; x_wconf 87' lang='lat' dir='ltr'>aemulatione</span> <span class='ocrx_word' id='word_1_339' title='bbox 970 2366 1117 2410; x_wconf 86' lang='lat' dir='ltr'>luxus&#39;</span> <span class='ocrx_word' id='word_1_340' title='bbox 1136 2367 1234 2410; x_wconf 80' lang='lat' dir='ltr'>Tac.</span> <span class='ocrx_word' id='word_1_341' title='bbox 1246 2367 1286 2411; x_wconf 76' lang='lat' dir='ltr'><strong>h.</strong></span> <span class='ocrx_word' id='word_1_342' title='bbox 1298 2370 1336 2418; x_wconf 91' lang='lat'><strong><em>1,</em></strong></span> <span class='ocrx_word' id='word_1_343' title='bbox 1349 2369 1426 2418; x_wconf 85' lang='grc'><em>13,·</em></span> <span class='ocrx_word' id='word_1_344' title='bbox 1445 2366 1566 2410; x_wconf 88' lang='grc' dir='ltr'><em>ΡΖιιῖ.</em></span> <span class='ocrx_word' id='word_1_345' title='bbox 1585 2367 1712 2411; x_wconf 77' lang='lat' dir='ltr'>Galb.</span> <span class='ocrx_word' id='word_1_346' title='bbox 1728 2372 1794 2414; x_wconf 91' lang='lat'>19.</span> <span class='ocrx_word' id='word_1_347' title='bbox 1818 2369 2033 2423; x_wconf 78' lang='lat' dir='ltr'>Quaestor</span> 
     </span>
     <span class='ocr_line' id='line_1_33' title="bbox 310 2435 2034 2494; baseline 0.003 -18"><span class='ocrx_word' id='word_1_348' title='bbox 310 2435 426 2477; x_wconf 91' lang='grc' dir='ltr'><em>διιεῖ.</em></span> <span class='ocrx_word' id='word_1_349' title='bbox 446 2439 484 2477; x_wconf 96' lang='grc'>3.</span> <span class='ocrx_word' id='word_1_350' title='bbox 535 2436 691 2478; x_wconf 85' lang='lat' dir='ltr'>Frater</span> <span class='ocrx_word' id='word_1_351' title='bbox 720 2435 908 2491; x_wconf 87' lang='lat' dir='ltr'>Arvalis,</span> <span class='ocrx_word' id='word_1_352' title='bbox 941 2435 1082 2478; x_wconf 88' lang='lat' dir='ltr'>adfuit</span> <span class='ocrx_word' id='word_1_353' title='bbox 1111 2436 1156 2477; x_wconf 92' lang='lat' dir='ltr'>in</span> <span class='ocrx_word' id='word_1_354' title='bbox 1187 2435 1368 2490; x_wconf 85' lang='lat' dir='ltr'>collegio</span> <span class='ocrx_word' id='word_1_355' title='bbox 1400 2451 1437 2477; x_wconf 90' lang='lat' dir='ltr'>a.</span> <span class='ocrx_word' id='word_1_356' title='bbox 1461 2436 1515 2478; x_wconf 88' lang='lat'>57</span> <span class='ocrx_word' id='word_1_357' title='bbox 1547 2440 1627 2479; x_wconf 85' lang='grc' dir='ltr'><em>αεῖ.</em></span> <span class='ocrx_word' id='word_1_358' title='bbox 1649 2436 1755 2481; x_wconf 80' lang='lat' dir='ltr'>Arv.</span> <span class='ocrx_word' id='word_1_359' title='bbox 1786 2442 2034 2494; x_wconf 74' lang='lat' dir='ltr'>(praeterea</span> 
     </span>
     <span class='ocr_line' id='line_1_34' title="bbox 309 2503 2031 2561; baseline 0.004 -18"><span class='ocrx_word' id='word_1_360' title='bbox 309 2507 564 2545; x_wconf 76' lang='lat' dir='ltr'>memoratur</span> <span class='ocrx_word' id='word_1_361' title='bbox 603 2505 650 2545; x_wconf 72' lang='lat' dir='ltr'>in</span> <span class='ocrx_word' id='word_1_362' title='bbox 688 2505 925 2558; x_wconf 70' lang='lat' dir='ltr'>fraymento</span> <span class='ocrx_word' id='word_1_363' title='bbox 963 2505 1123 2546; x_wconf 71' lang='lat' dir='ltr'>incerto</span> <span class='ocrx_word' id='word_1_364' title='bbox 1162 2503 1221 2546; x_wconf 82' lang='lat' dir='ltr'>ad</span> <span class='ocrx_word' id='word_1_365' title='bbox 1250 2503 1437 2546; x_wconf 74' lang='lat' dir='ltr'>Neronis</span> <span class='ocrx_word' id='word_1_366' title='bbox 1471 2507 1659 2559; x_wconf 75' lang='lat' dir='ltr'>tempora</span> <span class='ocrx_word' id='word_1_367' title='bbox 1697 2510 1929 2561; x_wconf 76' lang='lat' dir='ltr'>spectante,</span> <span class='ocrx_word' id='word_1_368' title='bbox 1970 2507 2031 2551; x_wconf 82' lang='lat' dir='ltr'>ed.</span> 
     </span>
     <span class='ocr_line' id='line_1_35' title="bbox 316 2571 2034 2627; baseline 0.003 -14"><span class='ocrx_word' id='word_1_369' title='bbox 316 2571 487 2614; x_wconf 65' lang='lat' dir='ltr'>Henzen</span> <span class='ocrx_word' id='word_1_370' title='bbox 507 2587 555 2625; x_wconf 74' lang='lat' dir='ltr'>p.</span> <span class='ocrx_word' id='word_1_371' title='bbox 578 2572 757 2615; x_wconf 91' lang='lat' dir='ltr'><strong>LXXX</strong></span> <span class='ocrx_word' id='word_1_372' title='bbox 766 2573 848 2624; x_wconf 82' lang='lat' dir='ltr'>VI;</span> <span class='ocrx_word' id='word_1_373' title='bbox 876 2573 1041 2615; x_wconf 74' lang='lat' dir='ltr'>videtur</span> <span class='ocrx_word' id='word_1_374' title='bbox 1069 2573 1312 2627; x_wconf 72' lang='lat' dir='ltr'>maqisterz&#39;o</span> <span class='ocrx_word' id='word_1_375' title='bbox 1342 2573 1513 2626; x_wconf 75' lang='lat' dir='ltr'>functus</span> <span class='ocrx_word' id='word_1_376' title='bbox 1543 2587 1627 2615; x_wconf 79' lang='lat' dir='ltr'>esse</span> <span class='ocrx_word' id='word_1_377' title='bbox 1657 2575 1773 2617; x_wconf 74' lang='lat' dir='ltr'>cirea</span> <span class='ocrx_word' id='word_1_378' title='bbox 1802 2575 1905 2618; x_wconf 75' lang='lat' dir='ltr'>haec</span> <span class='ocrx_word' id='word_1_379' title='bbox 1934 2580 2034 2619; x_wconf 76' lang='lat' dir='ltr'>tem-</span> 
     </span>
     <span class='ocr_line' id='line_1_36' title="bbox 313 2641 2035 2696; baseline 0.003 -14"><span class='ocrx_word' id='word_1_380' title='bbox 313 2653 439 2693; x_wconf 75' lang='lat' dir='ltr'>pora,</span> <span class='ocrx_word' id='word_1_381' title='bbox 472 2653 563 2681; x_wconf 80' lang='lat' dir='ltr'>cum</span> <span class='ocrx_word' id='word_1_382' title='bbox 592 2641 639 2682; x_wconf 73' lang='grc' dir='ltr'>ιἰι</span> <span class='ocrx_word' id='word_1_383' title='bbox 669 2642 777 2683; x_wconf 65' lang='lat' dir='ltr'>actis</span> <span class='ocrx_word' id='word_1_384' title='bbox 796 2642 909 2683; x_wconf 73' lang='lat' dir='ltr'>&#39;anni</span> <span class='ocrx_word' id='word_1_385' title='bbox 925 2644 978 2683; x_wconf 88' lang='lat'>69</span> <span class='ocrx_word' id='word_1_386' title='bbox 1001 2641 1170 2683; x_wconf 73' lang='lat' dir='ltr'>dicatur</span> <span class='ocrx_word' id='word_1_387' title='bbox 1189 2641 1391 2695; x_wconf 71' lang='lat' dir='ltr'>mayister</span> <span class='ocrx_word' id='word_1_388' title='bbox 1409 2641 1591 2696; x_wconf 75' lang='lat' dir='ltr'>iterum).</span> <span class='ocrx_word' id='word_1_389' title='bbox 1642 2643 1694 2684; x_wconf 89' lang='lat' dir='ltr'>In</span> <span class='ocrx_word' id='word_1_390' title='bbox 1714 2645 2035 2688; x_wconf 85' lang='lat' dir='ltr'>matrimonium</span> 
     </span>
     <span class='ocr_line' id='line_1_37' title="bbox 316 2707 2035 2771; baseline 0.005 -23"><span class='ocrx_word' id='word_1_391' title='bbox 316 2707 443 2749; x_wconf 84' lang='lat' dir='ltr'>duxit</span> <span class='ocrx_word' id='word_1_392' title='bbox 463 2708 705 2764; x_wconf 90' lang='lat' dir='ltr'>Poppaeam</span> <span class='ocrx_word' id='word_1_393' title='bbox 729 2709 945 2763; x_wconf 89' lang='lat' dir='ltr'>Sabinam,</span> <span class='ocrx_word' id='word_1_394' title='bbox 974 2710 1126 2752; x_wconf 86' lang='lat' dir='ltr'>Rufrio</span> <span class='ocrx_word' id='word_1_395' title='bbox 1149 2709 1350 2771; x_wconf 63' lang='lat' dir='ltr'>Crispino</span> <span class='ocrx_word' id='word_1_396' title='bbox 1382 2716 1572 2766; x_wconf 87' lang='lat' dir='ltr'>nuptam,</span> <span class='ocrx_word' id='word_1_397' title='bbox 1605 2711 1691 2753; x_wconf 90' lang='lat' dir='ltr'>iam</span> <span class='ocrx_word' id='word_1_398' title='bbox 1721 2718 1826 2754; x_wconf 87' lang='lat' dir='ltr'>tunc</span> <span class='ocrx_word' id='word_1_399' title='bbox 1849 2713 2035 2757; x_wconf 82' lang='lat' dir='ltr'>Neronis</span> 
     </span>
     <span class='ocr_line' id='line_1_38' title="bbox 317 2776 2034 2832; baseline 0.005 -16"><span class='ocrx_word' id='word_1_400' title='bbox 317 2777 508 2829; x_wconf 88' lang='lat' dir='ltr'>amicam,</span> <span class='ocrx_word' id='word_1_401' title='bbox 542 2790 627 2831; x_wconf 93' lang='lat' dir='ltr'>quo</span> <span class='ocrx_word' id='word_1_402' title='bbox 658 2776 828 2819; x_wconf 86' lang='lat' dir='ltr'>facilius</span> <span class='ocrx_word' id='word_1_403' title='bbox 854 2792 905 2819; x_wconf 90' lang='lat' dir='ltr'>ea</span> <span class='ocrx_word' id='word_1_404' title='bbox 931 2778 1046 2820; x_wconf 89' lang='lat' dir='ltr'>Nero</span> <span class='ocrx_word' id='word_1_405' title='bbox 1077 2778 1295 2820; x_wconf 87' lang='lat' dir='ltr'>frueretur</span> <span class='ocrx_word' id='word_1_406' title='bbox 1330 2777 1427 2820; x_wconf 78' lang='lat' dir='ltr'>Tac.</span> <span class='ocrx_word' id='word_1_407' title='bbox 1457 2778 1498 2821; x_wconf 78' lang='lat' dir='ltr'><strong>h.</strong></span> <span class='ocrx_word' id='word_1_408' title='bbox 1528 2782 1567 2829; x_wconf 93' lang='lat'><strong><em>1,</em></strong></span> <span class='ocrx_word' id='word_1_409' title='bbox 1598 2782 1663 2830; x_wconf 84' lang='lat'><strong><em>13,</em></strong></span> <span class='ocrx_word' id='word_1_410' title='bbox 1695 2779 1812 2823; x_wconf 87' lang='grc' dir='ltr'><em>διιεῖ.</em></span> <span class='ocrx_word' id='word_1_411' title='bbox 1842 2784 1882 2832; x_wconf 92' lang='grc'>3,</span> <span class='ocrx_word' id='word_1_412' title='bbox 1914 2781 2034 2827; x_wconf 87' lang='grc' dir='ltr'><em>ΡΖιιῖ.</em></span> 
     </span>
     <span class='ocr_line' id='line_1_39' title="bbox 322 2842 2034 2906; baseline 0.005 -22"><span class='ocrx_word' id='word_1_413' title='bbox 322 2842 448 2885; x_wconf 79' lang='lat' dir='ltr'>Galb.</span> <span class='ocrx_word' id='word_1_414' title='bbox 480 2846 544 2893; x_wconf 92' lang='lat'>19,</span> <span class='ocrx_word' id='word_1_415' title='bbox 576 2843 664 2885; x_wconf 75' lang='lat' dir='ltr'>Dio</span> <span class='ocrx_word' id='word_1_416' title='bbox 695 2848 759 2894; x_wconf 90' lang='lat'>61,</span> <span class='ocrx_word' id='word_1_417' title='bbox 792 2849 845 2887; x_wconf 94' lang='lat'>11</span> <span class='ocrx_word' id='word_1_418' title='bbox 877 2846 1045 2900; x_wconf 75' lang='lat' dir='ltr'>(paullo</span> <span class='ocrx_word' id='word_1_419' title='bbox 1077 2846 1203 2888; x_wconf 77' lang='lat' dir='ltr'>aliter</span> <span class='ocrx_word' id='word_1_420' title='bbox 1237 2846 1336 2888; x_wconf 76' lang='lat' dir='ltr'>Tac.</span> <span class='ocrx_word' id='word_1_421' title='bbox 1368 2860 1407 2890; x_wconf 85' lang='lat' dir='ltr'>a.</span> <span class='ocrx_word' id='word_1_422' title='bbox 1437 2849 1505 2897; x_wconf 84' lang='lat'><strong><em>13,</em></strong></span> <span class='ocrx_word' id='word_1_423' title='bbox 1536 2849 1621 2899; x_wconf 82' lang='lat'><strong>45).</strong></span> <span class='ocrx_word' id='word_1_424' title='bbox 1684 2847 1961 2906; x_wconf 82' lang='lat' dir='ltr'>‘Suspectum</span> <span class='ocrx_word' id='word_1_425' title='bbox 1989 2852 2034 2892; x_wconf 91' lang='lat' dir='ltr'>in</span> 
     </span>
     <span class='ocr_line' id='line_1_40' title="bbox 320 2911 2038 2974; baseline 0.005 -23"><span class='ocrx_word' id='word_1_426' title='bbox 320 2911 468 2952; x_wconf 90' lang='lat' dir='ltr'>eadem</span> <span class='ocrx_word' id='word_1_427' title='bbox 490 2912 706 2968; x_wconf 74' lang='lat' dir='ltr'>Poppaea‘</span> <span class='ocrx_word' id='word_1_428' title='bbox 732 2914 851 2965; x_wconf 80' lang='lat' dir='ltr'>(Tac.</span> <span class='ocrx_word' id='word_1_429' title='bbox 872 2915 912 2956; x_wconf 78' lang='lat' dir='ltr'><strong>h.</strong></span> <span class='ocrx_word' id='word_1_430' title='bbox 946 2915 972 2957; x_wconf 92' lang='grc' dir='ltr'>Ζ.</span> <span class='ocrx_word' id='word_1_431' title='bbox 994 2915 1044 2961; x_wconf 77' lang='grc' dir='ltr'>ε.)</span> <span class='ocrx_word' id='word_1_432' title='bbox 1066 2916 1180 2957; x_wconf 90' lang='lat' dir='ltr'>Nero</span> <span class='ocrx_word' id='word_1_433' title='bbox 1213 2930 1311 2957; x_wconf 90' lang='lat' dir='ltr'>eum</span> <span class='ocrx_word' id='word_1_434' title='bbox 1332 2916 1523 2971; x_wconf 88' lang='lat' dir='ltr'>seposuit</span> <span class='ocrx_word' id='word_1_435' title='bbox 1552 2917 1597 2957; x_wconf 92' lang='lat' dir='ltr'>in</span> <span class='ocrx_word' id='word_1_436' title='bbox 1625 2917 1896 2960; x_wconf 87' lang='lat' dir='ltr'>Lusitaniam</span> <span class='ocrx_word' id='word_1_437' title='bbox 1924 2917 2038 2974; x_wconf 87' lang='lat' dir='ltr'>lega-</span> 
     </span>
     <span class='ocr_line' id='line_1_41' title="bbox 317 2979 2036 3045; baseline 0.007 -27"><span class='ocrx_word' id='word_1_438' title='bbox 317 2979 444 3020; x_wconf 87' lang='lat' dir='ltr'>tionis</span> <span class='ocrx_word' id='word_1_439' title='bbox 476 2981 617 3035; x_wconf 88' lang='lat' dir='ltr'>specie</span> <span class='ocrx_word' id='word_1_440' title='bbox 651 2982 749 3026; x_wconf 80' lang='lat' dir='ltr'>Tac.</span> <span class='ocrx_word' id='word_1_441' title='bbox 782 2982 806 3024; x_wconf 92' lang='grc' dir='ltr'>Ζ.</span> <span class='ocrx_word' id='word_1_442' title='bbox 840 2996 886 3033; x_wconf 72' lang='lat' dir='ltr'>c„</span> <span class='ocrx_word' id='word_1_443' title='bbox 929 2984 1044 3027; x_wconf 87' lang='grc' dir='ltr'><em>διιεῖ.</em></span> <span class='ocrx_word' id='word_1_444' title='bbox 1077 2984 1102 3028; x_wconf 89' lang='grc' dir='ltr'>Ζ.</span> <span class='ocrx_word' id='word_1_445' title='bbox 1136 2998 1184 3035; x_wconf 74' lang='grc'>0.,</span> <span class='ocrx_word' id='word_1_446' title='bbox 1226 2983 1342 3026; x_wconf 61' lang='lat' dir='ltr'>Pha.</span> <span class='ocrx_word' id='word_1_447' title='bbox 1381 2983 1508 3026; x_wconf 79' lang='lat' dir='ltr'>Galb.</span> <span class='ocrx_word' id='word_1_448' title='bbox 1539 2988 1597 3027; x_wconf 92' lang='grc'><em>20</em></span> <span class='ocrx_word' id='word_1_449' title='bbox 1636 2985 1737 3039; x_wconf 88' lang='lat' dir='ltr'>(nisi</span> <span class='ocrx_word' id='word_1_450' title='bbox 1769 2986 1935 3030; x_wconf 87' lang='lat' dir='ltr'>Seneca</span> <span class='ocrx_word' id='word_1_451' title='bbox 1957 3002 2036 3045; x_wconf 87' lang='lat' dir='ltr'>pro</span> 
     </span>
     <span class='ocr_line' id='line_1_42' title="bbox 323 3047 2038 3110; baseline 0.006 -23"><span class='ocrx_word' id='word_1_452' title='bbox 323 3061 371 3088; x_wconf 91' lang='lat' dir='ltr'>eo</span> <span class='ocrx_word' id='word_1_453' title='bbox 403 3047 724 3103; x_wconf 86' lang='lat' dir='ltr'>intercessisset,</span> <span class='ocrx_word' id='word_1_454' title='bbox 757 3052 960 3103; x_wconf 88' lang='lat' dir='ltr'>graviora</span> <span class='ocrx_word' id='word_1_455' title='bbox 990 3053 1034 3093; x_wconf 91' lang='lat' dir='ltr'>in</span> <span class='ocrx_word' id='word_1_456' title='bbox 1065 3067 1163 3094; x_wconf 93' lang='lat' dir='ltr'>eum</span> <span class='ocrx_word' id='word_1_457' title='bbox 1194 3053 1414 3095; x_wconf 88' lang='lat' dir='ltr'>statuisset</span> <span class='ocrx_word' id='word_1_458' title='bbox 1437 3052 1553 3094; x_wconf 83' lang='lat' dir='ltr'>Nero</span> <span class='ocrx_word' id='word_1_459' title='bbox 1578 3052 1692 3098; x_wconf 86' lang='grc' dir='ltr'><em>ΡΖιιῖ.</em></span> <span class='ocrx_word' id='word_1_460' title='bbox 1715 3053 1842 3098; x_wconf 75' lang='lat' dir='ltr'>Galb.</span> <span class='ocrx_word' id='word_1_461' title='bbox 1859 3058 1925 3100; x_wconf 91' lang='lat'>19.</span> <span class='ocrx_word' id='word_1_462' title='bbox 1946 3056 2038 3110; x_wconf 86' lang='grc'><em>20).</em></span> 
     </span>
     <span class='ocr_line' id='line_1_43' title="bbox 322 3114 2037 3179; baseline 0.006 -24"><span class='ocrx_word' id='word_1_463' title='bbox 322 3114 513 3169; x_wconf 86' lang='lat' dir='ltr'>Legatus</span> <span class='ocrx_word' id='word_1_464' title='bbox 544 3116 794 3159; x_wconf 88' lang='lat' dir='ltr'>Lusitaniae</span> <span class='ocrx_word' id='word_1_465' title='bbox 823 3133 901 3174; x_wconf 89' lang='lat' dir='ltr'>per</span> <span class='ocrx_word' id='word_1_466' title='bbox 930 3135 1064 3162; x_wconf 89' lang='lat' dir='ltr'>annos</span> <span class='ocrx_word' id='word_1_467' title='bbox 1085 3120 1235 3163; x_wconf 90' lang='lat' dir='ltr'>decem</span> <span class='ocrx_word' id='word_1_468' title='bbox 1268 3121 1473 3175; x_wconf 87' lang='lat'>(59—68)</span> <span class='ocrx_word' id='word_1_469' title='bbox 1496 3121 1612 3165; x_wconf 78' lang='lat' dir='ltr'>Suet.</span> <span class='ocrx_word' id='word_1_470' title='bbox 1634 3122 1660 3164; x_wconf 96' lang='grc' dir='ltr'>Ζ.</span> <span class='ocrx_word' id='word_1_471' title='bbox 1683 3136 1742 3174; x_wconf 84' lang='grc' dir='ltr'>ε.;</span> <span class='ocrx_word' id='word_1_472' title='bbox 1766 3123 2037 3179; x_wconf 85' lang='lat' dir='ltr'>provinciam</span> 
     </span>
     <span class='ocr_line' id='line_1_44' title="bbox 324 3184 2039 3244; baseline 0.005 -20"><span class='ocrx_word' id='word_1_473' title='bbox 324 3185 494 3237; x_wconf 81' lang='lat' dir='ltr'>egregie</span> <span class='ocrx_word' id='word_1_474' title='bbox 514 3184 832 3227; x_wconf 89' lang='lat' dir='ltr'>administravit</span> <span class='ocrx_word' id='word_1_475' title='bbox 853 3186 966 3229; x_wconf 77' lang='lat' dir='ltr'>Suet.</span> <span class='ocrx_word' id='word_1_476' title='bbox 991 3188 1017 3232; x_wconf 83' lang='lat' dir='ltr'>l.</span> <span class='ocrx_word' id='word_1_477' title='bbox 1040 3202 1087 3239; x_wconf 73' lang='grc'>6.,</span> <span class='ocrx_word' id='word_1_478' title='bbox 1116 3189 1215 3231; x_wconf 82' lang='grc' dir='ltr'><em>Ταε.</em></span> <span class='ocrx_word' id='word_1_479' title='bbox 1238 3189 1263 3234; x_wconf 90' lang='grc' dir='ltr'>Ζ.</span> <span class='ocrx_word' id='word_1_480' title='bbox 1286 3203 1334 3240; x_wconf 69' lang='lat' dir='ltr'>e„</span> <span class='ocrx_word' id='word_1_481' title='bbox 1365 3189 1485 3232; x_wconf 75' lang='lat' dir='ltr'><strong>Plut.</strong></span> <span class='ocrx_word' id='word_1_482' title='bbox 1506 3189 1632 3232; x_wconf 80' lang='lat' dir='ltr'>Galb.</span> <span class='ocrx_word' id='word_1_483' title='bbox 1652 3193 1723 3235; x_wconf 88' lang='grc'>20.</span> <span class='ocrx_word' id='word_1_484' title='bbox 1765 3190 1819 3233; x_wconf 93' lang='lat' dir='ltr'>A.</span> <span class='ocrx_word' id='word_1_485' title='bbox 1841 3191 1908 3244; x_wconf 88' lang='lat'>68,</span> <span class='ocrx_word' id='word_1_486' title='bbox 1939 3206 2039 3234; x_wconf 91' lang='lat' dir='ltr'>cum</span> 
     </span>
     <span class='ocr_line' id='line_1_45' title="bbox 327 3250 2038 3314; baseline 0.005 -22"><span class='ocrx_word' id='word_1_487' title='bbox 327 3250 468 3293; x_wconf 82' lang='lat' dir='ltr'>Galba</span> <span class='ocrx_word' id='word_1_488' title='bbox 497 3267 523 3294; x_wconf 92' lang='lat' dir='ltr'>a</span> <span class='ocrx_word' id='word_1_489' title='bbox 552 3252 723 3294; x_wconf 89' lang='lat' dir='ltr'>Nerone</span> <span class='ocrx_word' id='word_1_490' title='bbox 755 3253 979 3309; x_wconf 86' lang='lat' dir='ltr'>deficeret,</span> <span class='ocrx_word' id='word_1_491' title='bbox 1020 3258 1161 3298; x_wconf 84' lang='lat' dir='ltr'>statim</span> <span class='ocrx_word' id='word_1_492' title='bbox 1192 3258 1236 3300; x_wconf 92' lang='lat' dir='ltr'>in</span> <span class='ocrx_word' id='word_1_493' title='bbox 1266 3264 1411 3314; x_wconf 90' lang='lat' dir='ltr'>partes</span> <span class='ocrx_word' id='word_1_494' title='bbox 1442 3259 1534 3300; x_wconf 89' lang='lat' dir='ltr'>eius</span> <span class='ocrx_word' id='word_1_495' title='bbox 1567 3265 1858 3314; x_wconf 83' lang='lat' dir='ltr'>transgressus</span> <span class='ocrx_word' id='word_1_496' title='bbox 1890 3265 1956 3301; x_wconf 87' lang='lat' dir='ltr'>est</span> <span class='ocrx_word' id='word_1_497' title='bbox 1981 3259 2038 3301; x_wconf 74' lang='lat' dir='ltr'>ib.</span> 
     </span>
     <span class='ocr_line' id='line_1_46' title="bbox 328 3319 2041 3384; baseline 0.005 -23"><span class='ocrx_word' id='word_1_498' title='bbox 328 3319 511 3362; x_wconf 83' lang='lat' dir='ltr'>Galbam</span> <span class='ocrx_word' id='word_1_499' title='bbox 551 3321 730 3363; x_wconf 86' lang='lat' dir='ltr'>Romam</span> <span class='ocrx_word' id='word_1_500' title='bbox 771 3323 998 3365; x_wconf 89' lang='lat' dir='ltr'>comitatur</span> <span class='ocrx_word' id='word_1_501' title='bbox 1038 3324 1155 3369; x_wconf 89' lang='grc' dir='ltr'><em>ΡΖιιῖ.</em></span> <span class='ocrx_word' id='word_1_502' title='bbox 1189 3326 1215 3367; x_wconf 91' lang='grc' dir='ltr'>Ζ.</span> <span class='ocrx_word' id='word_1_503' title='bbox 1245 3339 1292 3377; x_wconf 71' lang='grc'>6.,</span> <span class='ocrx_word' id='word_1_504' title='bbox 1340 3326 1438 3368; x_wconf 77' lang='lat' dir='ltr'>Tac.</span> <span class='ocrx_word' id='word_1_505' title='bbox 1470 3325 1496 3367; x_wconf 91' lang='grc' dir='ltr'>Ζ.</span> <span class='ocrx_word' id='word_1_506' title='bbox 1529 3340 1562 3369; x_wconf 81' lang='grc' dir='ltr'>ε.</span> <span class='ocrx_word' id='word_1_507' title='bbox 1628 3327 1811 3370; x_wconf 84' lang='lat' dir='ltr'>Frustra</span> <span class='ocrx_word' id='word_1_508' title='bbox 1841 3333 1985 3384; x_wconf 87' lang='lat' dir='ltr'>sperat</span> <span class='ocrx_word' id='word_1_509' title='bbox 2013 3342 2041 3369; x_wconf 87' lang='lat' dir='ltr'>a</span> 
     </span>
    </p>
   </div>
  </div>
 </body>
</html>
