2242 3672
280 252 435 288 SILIVS
1138 238 1222 280 244
1926 247 2087 284 SILIVS

2219 314 2242 503 i'csssz-asszfflsa
2223 251 2242 309 «Aahx,
2226 200 2242 244 -uzzf,
2224 163 2242 196 «lm
2227 103 2242 159 ium..
2229 51 2239 57 »

365 387 429 433 11,
451 386 522 432 26,
553 380 664 424 Suet.
695 378 761 420 Cl.
783 381 853 420 26.
875 379 946 426 29,
976 376 1068 418 Iuv.
1091 378 1157 425 10,
1178 377 1260 416 330
1281 387 1361 428 seq.
1385 375 1478 429 (ubi
1501 389 1651 418 nomen
1668 389 1755 419 non
1776 377 1971 434 ponitur)
1995 392 2086 421 curm

363 450 542 499 scholiis,
575 447 662 490 Dio
692 449 757 496 60,
789 448 843 487 31
875 443 998 496 (Zon.
1029 447 1094 494 11,
1133 442 1209 497 10),
1250 449 1484 498 apparatus
1514 443 1683 499 imperii
1714 445 1759 486 in
1789 444 1964 487 domum
1992 446 2086 488 eius

364 517 569 561 transfert
594 515 691 557 Tae.
716 528 754 555 a.
778 516 842 562 11,
865 514 934 555 12.
955 514 1020 562 35,
1052 511 1140 553 Dio
1164 511 1189 555 l.
1212 525 1246 553 e.
1289 511 1419 564 Quod
1439 511 1514 554 ubi
1535 513 1783 555 nuntiatum
1805 519 1869 556 est
1888 513 2084 570 Claudio,

365 585 491 628 simul
520 582 625 627 Silio
658 582 886 637 imperium
917 579 1090 635 adquiri
1118 579 1216 623 Tae.
1237 583 1303 630 11,
1325 582 1393 630 30,
1426 579 1540 623 Suet.
1569 579 1630 625 Cl.
1652 584 1718 632 36,
1750 581 2086 639 comprehensus

363 654 493 698 Silius
520 652 615 695 Tac.
638 654 703 701 11,
725 653 795 700 32,
829 655 870 691 et
901 649 1065 690 occisus
1097 649 1139 689 in
1168 649 1321 690 castris
1343 649 1571 704 praetoriis
1592 649 1649 692 ib.
1672 663 1705 692 c.
1726 652 1781 693 35
1801 650 1966 705 (mense
1987 650 2084 695 Oct.

362 738 399 764 a.
422 722 475 763 48
502 720 599 763 Tac.
624 733 662 761 a.
685 721 749 773 11,
771 717 859 771 32),
892 715 1035 759 adhuc
1065 715 1216 758 consul
1238 716 1488 771 designatus
1509 716 1668 760 Seneca
1687 732 1806 772 apoc.
1827 721 1892 763 13.
1938 717 2084 763 Orbus

368 791 466 833 Tae.
489 804 528 831 a.
550 791 616 839 11,
638 790 707 831 26.
758 785 1026 828 Memoratur
1051 785 1106 827 ib.
1130 788 1195 836 11,
1216 788 1282 828 36.
1314 788 1384 836 12,
1407 787 1472 830 65.

276 861 359 903 506
389 866 429 900 P.
452 862 607 900 SILIVS
629 870 713 898 cos.
737 854 833 897 suff.
859 869 899 896 a.
922 854 1004 896 756
1027 873 1082 888 τε
1103 869 1144 910 p.
1169 852 1270 896 Chr.
1293 854 1343 896 3:
1376 853 1508 897 Silius
1534 856 1696 897 nummi
1704 869 1718 907 ;
1749 855 1797 898 P.
1821 855 1953 900 Silius
1983 856 2083 902 Vell.
2147 881 2153 883 Δ

358 932 401 977 2,
423 929 517 976 101,
549 925 648 967 item
677 925 723 966 in
753 922 972 966 consulatu
993 922 1252 977 (coynomine
1276 922 1442 965 videtur
1462 923 1745 980 abstinuisse).
1765 949 1824 954 —
1843 924 1892 968 P.
1913 924 1958 978 f.,
1978 925 2087 980 fasti

361 993 478 1049 Cap„
495 994 603 1047 fasti
616 993 743 1046 fratr.
755 991 946 1042 Arv.,·.P.
965 991 1037 1046 [n.]
1055 991 1165 1045 fasti
1180 990 1284 1045 Cap.
1299 991 1480 1046 (videtur
1494 993 1627 1047 iyitur
1641 993 1775 1047 fuisse
1789 993 1906 1049 filius
1915 993 1967 1038 P.
1981 993 2087 1039 Silii

362 1062 543 1106 consulis
573 1075 613 1103 a.
646 1063 724 1103 734
755 1063 793 1102 et
824 1059 989 1114 quidem
1024 1063 1132 1102 natu
1163 1061 1386 1111 maximus,
1428 1061 1580 1115 quippe
1610 1062 1683 1115 qui
1710 1062 1934 1105 retinuerit
1958 1077 2085 1118 prae-

358 1144 508 1174 nomen
527 1132 771 1184 paternum,
803 1128 942 1182 frater
962 1127 1018 1170 A.
1041 1129 1203 1171 Licinii
1225 1128 1392 1171 Nervae
1412 1128 1574 1172 Siliani
1602 1130 1785 1173 consutis
1815 1144 1855 1173 a.
1868 1145 1917 1186 p.
1936 1129 2037 1174 Chr.
2059 1134 2088 1174 7

360 1203 398 1242 et
424 1198 467 1242 C.
492 1197 595 1242 Silii
613 1196 669 1241 A.
693 1195 898 1240 Caecinae
922 1197 1061 1251 Laryi
1090 1197 1272 1239 consulis
1302 1211 1341 1240 a.
1364 1212 1413 1251 p.
1442 1197 1544 1242 Chr.
1566 1197 1648 1252 13).
1689 1199 1912 1242 Triumvir
1939 1213 2083 1242 mone-

360 1267 456 1310 talis
485 1282 573 1309 una
593 1280 690 1308 cum
714 1265 767 1319 Q.
790 1265 917 1308 Aelio
939 1266 1093 1308 Lamia
1120 1271 1163 1308 et
1182 1265 1326 1308 Annio
1346 1267 1509 1308 nummi
1528 1268 1649 1310 aenei
1668 1282 1736 1322 ap.
1753 1267 1916 1311 Eekhel
1932 1269 1972 1319 5,
1987 1271 2084 1320 314,

357 1336 552 1380 Babelon
590 1335 807 1377 monnaies
849 1334 897 1376 de
939 1334 983 1377 la
1025 1335 1113 1389 rep.
1144 1335 1335 1377 romaine
1365 1335 1426 1378 II
1449 1349 1498 1389 p.
1518 1338 1599 1378 461
1631 1336 1685 1389 ef.
1715 1336 1952 1380 Mommsen
1979 1341 2084 1382 rom.

360 1406 545 1448 Munew.
569 1418 617 1459 p.
641 1406 720 1446 744
749 1406 833 1445 not.
855 1405 921 1446 15.
967 1403 1193 1445 Exercitui
1223 1410 1423 1459 praeerat
1453 1404 1498 1446 in
1518 1403 1707 1446 Thracia
1735 1404 1806 1447 vel
1831 1398 2088 1449 Macedonia.

359 1473 503 1530 paullo
543 1479 643 1515 ante
672 1487 711 1515 a.
745 1472 828 1514 754
869 1471 928 1527 (p.
962 1470 1065 1514 Chr.
1099 1472 1163 1527 1);
1210 1471 1290 1514 sub
1332 1486 1381 1514 eo
1422 1471 1624 1515 tribunus
1662 1471 1864 1516 militavit
1892 1472 2086 1517 Velleius
2204 1482 2238 1531 ξς

359 1540 612 1586 Paterculus
643 1539 746 1583 Vell.
776 1543 820 1590 2,
851 1542 945 1584 101.
1013 1539 1175 1583 Consul
1217 1540 1311 1582 suff.
1353 1556 1391 1583 a.
1422 1556 1463 1597 p.
1497 1540 1599 1585 Chr.
1630 1542 1658 1584 3
1698 1556 1754 1583 ex
1791 1541 1837 1584 k.
1877 1541 1959 1585 Iul.
1997 1556 2087 1585 una
2147 1546 2149 1548 ’

303 1598 305 1600 ’
360 1625 458 1652 cum
497 1610 549 1652 L.
581 1608 762 1651 Volusio
804 1607 1039 1650 Saturnino
1079 1609 1188 1663 fasti
1217 1607 1369 1664 Capit„
1410 1610 1518 1663 fasti
1549 1608 1714 1652 Gabini
1742 1608 1880 1665 (CIL.
1905 1609 1941 1653 I
1961 1609 2024 1653 ed.
2055 1613 2088 1654 2
2210 1615 2216 1625 ³

356 1694 402 1733 p.
436 1681 519 1734 68),
560 1678 692 1731 s'astri
719 1678 848 1731 fratr.
880 1676 997 1720 Arv.
1018 1678 1090 1733 (ib.
1116 1692 1163 1732 p.
1187 1680 1282 1733 70)‚·
1322 1677 1371 1720 X
1396 1680 1494 1722 824.
1536 1678 1633 1721 XV
1654 1681 1772 1722 4571.
1833 1677 1927 1722 Aut
1961 1678 2087 1722 huius

360 1750 434 1789 aut
464 1745 646 1789 consulis
676 1759 715 1788 a.
739 1760 788 1800 p.
817 1745 922 1790 Chr.
949 1749 1009 1789 28
1039 1760 1246 1788 accensus
1276 1747 1324 1788 P.
1356 1746 1435 1790 Sili
1466 1747 1653 1790 consulis
1681 1747 1730 1790 X
1757 1750 1881 1799 3877.

274 1816 355 1858 507
388 1822 426 1859 c,
469 1821 624 1857 lelvs
666 1822 711 1858 A.
753 1820 971 1857 CAECINA
1010 1821 1204 1857 LARevs
1246 1829 1332 1857 cos.
1372 1831 1410 1858 a.
1442 1831 1483 1872 p.
1517 1815 1619 1858 Chr.
1653 1816 1719 1858 13.
1779 1815 1828 1859 O.
1862 1814 1995 1859 Silius
2023 1815 2088 1858 vel

359 1883 490 1927 Silius
527 1883 638 1938 Tae„
672 1882 802 1926 Silius
835 1883 950 1934 Vell„
982 1882 1095 1935 Dio,·
1125 1884 1171 1926 in
1191 1883 1412 1926 consulatu
1444 1883 1491 1927 O.
1525 1883 1657 1927 Silius
1689 1883 1758 1926 VI
1779 1887 1900 1928 9050.
1931 1885 2084 1935 10051,

358 1952 473 1996 Suet.
505 1951 616 2006 Any.
648 1943 742 2002 101,
773 1950 862 1994 Dio
891 1954 956 2002 56,
988 1954 1059 2002 28,
1099 1950 1316 2002 Cassiod„
1354 1951 1404 1996 C.
1437 1951 1607 2006 Si(lius)
1640 1955 1797 1995 tessera
1822 1951 2088 2008 yladiatom‘a

357 2020 391 2062 I
415 2023 506 2070 760,
549 2019 680 2062 Silius
721 2020 826 2074 fasti
862 2020 1023 2063 Praen.
1066 2020 1124 2062 ad
1154 2022 1182 2061 8
1211 2020 1310 2064 Ian.
1351 2020 1468 2075 (nam
1506 2020 1575 2063 hie
1613 2020 1778 2063 videtur
1814 2021 2084 2078 siqnifieam'),

358 2088 435 2132 Sil.
465 2089 564 2131 XV
584 2091 702 2139 4565,
737 2088 911 2132 Silanus
938 2088 1156 2143 chronoyr.
1190 2102 1229 2133 a.
1255 2091 1349 2139 354,
1380 2089 1488 2142 fasti
1516 2089 1691 2144 Hydat„
1725 2088 1841 2132 Silus
1873 2089 1942 2133 VI
1955 2092 2086 2143 74795

358 2157 406 2200 O.
449 2157 582 2201 Silius
621 2156 673 2202 A.
720 2157 907 2200 Caecina
946 2157 1116 2212 Largus
1160 2157 1268 2210 fasti
1301 2157 1502 2200 Antiates
1540 2156 1676 2210 (CIL.
1710 2158 1744 2200 I
1767 2157 1829 2200 ed.
1860 2161 1892 2202 2
1922 2173 1972 2214 p.
1997 2160 2081 2209 72),

359 2227 400 2269 Γ.
427 2227 557 2272 Σίλιος
581 2225 746 2269 Καικίνα
766 2226 911 2283 Λάριος
931 2224 1019 2268 Dio
1042 2225 1128 2268 ind.
1152 2225 1178 2268 l.
1199 2227 1264 2276 56,
1297 2225 1345 2268 C.
1370 2225 1502 2268 Silius
1524 2225 1644 2281 C[a]e
1661 2258 1813 2269 ......
1843 2226 1953 2280 fasti
1976 2225 2083 2282 Cap.

358 2292 556 2349 (apparet
594 2295 661 2337 hie
701 2308 858 2348 quoque
897 2295 1026 2348 fuisse
1063 2293 1269 2336 Caecinae
1309 2294 1448 2349 Laryi
1482 2295 1666 2346 nomina,
1703 2294 1778 2337 sed
1805 2297 1960 2350 postea
1983 2295 2082 2338 sub-

359 2362 449 2405 lata
479 2376 586 2414 esse;
615 2362 663 2404 id
689 2377 775 2405 non
796 2366 977 2417 propter
996 2362 1224 2405 memoriae
1245 2362 1558 2405 damnationem
1581 2363 1754 2417 factum,
1785 2377 1886 2406 nam
1913 2362 1959 2408 C.
1981 2362 2087 2407 Silii

357 2431 530 2474 nomina
551 2431 702 2474 illaesa
721 2434 979 2482 manserunt,
1001 2431 1075 2473 sed
1092 2431 1276 2485 fortasse
1297 2434 1529 2486 propterea
1547 2431 1659 2485 quod
1678 2431 1788 2475 Silio
1808 2432 1855 2474 in
1876 2430 2085 2475 Caecinae

359 2500 498 2554 Lar9i
525 2500 699 2542 nomina
727 2514 814 2542 non
834 2499 1010 2554 plenum
1039 2500 1107 2541 ius
1137 2499 1243 2553 suit,
1276 2501 1330 2553 ef.
1363 2500 1601 2543 Mommsen
1627 2499 1742 2543 CIL.
1768 2501 1803 2543 I
1824 2500 1886 2543 ed.
1906 2504 1939 2544 2
1958 2515 2008 2556 p.
2027 2503 2084 2544 39

359 2571 443 2609 not.
464 2567 519 2622 1).
539 2593 595 2597 —
626 2569 673 2610 Ρ.
706 2568 749 2622 f.‚
780 2568 828 2610 P.
864 2583 904 2612 n.
936 2568 1043 2622 fasti
1063 2566 1164 2622 Cap.
1198 2567 1265 2622 (O.
1293 2568 1321 2610 f.
1343 2567 1432 2611 Dio
1453 2568 1540 2610 ind.
1565 2568 1590 2610 l.
1611 2569 1696 2624 56).
1758 2567 1931 2612 Videtur
1950 2569 2084 2623 fuisse
2195 2591 2211 2632 ἔκ

361 2635 476 2689 filius
496 2635 547 2679 P.
561 2636 664 2678 Silii
686 2636 867 2678 consulis
888 2650 927 2680 a.
943 2639 1035 2686 734,
1060 2636 1113 2678 ab
1134 2636 1188 2680 A.
1209 2634 1391 2679 Caecina
1413 2639 1552 2678 autem
1572 2637 1717 2692 Laryo
1738 2636 1880 2691 aliquo
1900 2637 2084 2691 fortasse
2114 2634 2120 2643 ’
2208 2626 2222 2636 ”“

360 2703 476 2745 heres
506 2704 722 2747 institutus
752 2708 790 2747 et
825 2705 965 2747 iussus
998 2718 1148 2747 nomen
1177 2705 1290 2763 ferre
1320 2704 1547 2759 (Borykesi
1575 2719 1673 2748 ann.
1705 2706 1802 2750 inst.
1833 2707 1941 2749 1855
1958 2719 2008 2760 p.
2027 2707 2084 2748 16

362 2791 415 2805 Ξ
445 2786 538 2826 opp.
569 2775 608 2823 8,
639 2773 752 2826 524).
810 2772 988 2815 Amicus
1027 2773 1298 2828 Germaniciz,
1339 2788 1451 2815 uxor
1492 2773 1618 2816 Sosia
1658 2774 1786 2818 Galla
1810 2773 2082 2831 Agrippinae

365 2854 466 2881 cara
491 2840 588 2882 Tac.
611 2855 650 2883 a.
671 2845 709 2891 4,
732 2843 796 2884 18.
850 2840 1013 2884 Oon‘sul
1044 2841 1134 2886 ord.
1157 2856 1194 2887 a.
1217 2856 1258 2897 p.
1282 2840 1383 2885 Chr.
1410 2842 1462 2884 13
1492 2856 1591 2884 cum
1621 2842 1671 2884 L.
1691 2842 1888 2885 Munatio
1918 2841 2081 2885 Planco

363 2908 476 2960 s'asti.
534 2908 724 2962 Legatus
770 2910 984 2952 exercitus
1029 2909 1290 2953 Germaniae
1334 2910 1567 2966 superioris
1608 2909 1661 2952 ab
1701 2925 1738 2953 a.
1771 2910 1824 2955 14
1864 2909 1919 2953 ad
1956 2925 1996 2953 a.
2026 2910 2078 2953 21

369 2975 463 3016 Tac.
498 2990 536 3017 α.
568 2980 607 3027 1,
637 2979 703 3018 31.
744 2980 782 3027 3,
813 2981 883 3020 42.
923 2981 962 3028 4,
994 2980 1059 3021 18.
1120 2977 1173 3020 A.
1215 2978 1268 3020 14
1307 2978 1523 3021 exercitus
1569 2979 1661 3020 eius
1704 2978 1877 3034 quietus
1923 2978 2083 3021 mansit
2186 3007 2227 3039 1³3.

371 3042 466 3084 Tae.
493 3057 533 3085 a.
554 3047 591 3094 1,
613 3046 679 3086 31.
709 3048 748 3095 4,
772 3048 838 3087 18.
897 3044 950 3090 A.
975 3046 1026 3088 15
1059 3046 1233 3088 decreta
1263 3047 1301 3087 ei
1333 3052 1587 3088 ornamenta
1615 3045 1897 3102 triumphalia
1925 3046 1980 3088 ob
2011 3060 2081 3089 res
2168 3041 2226 3108 ff?

365 3123 463 3151 eum
494 3111 752 3154 Germanico
783 3119 926 3167 gestas
962 3114 1059 3156 Tae.
1093 3128 1132 3156 a.
1163 3117 1202 3164 1,
1223 3117 1293 3157 72.
1322 3117 1361 3164 4,
1386 3116 1451 3156 18.
1512 3114 1596 3156 Res
1626 3113 1681 3156 ab
1714 3128 1763 3156 eo
1794 3119 1944 3157 contra
1973 3113 2080 3157 Ger·
2188 3123 2202 3136 ⁹

364 3191 511 3219 manos
540 3186 687 3233 gestae
718 3195 753 3222 a.
789 3181 841 3222 16
878 3181 973 3223 Tae.
1006 3196 1044 3225 a.
1075 3185 1118 3232 2,
1149 3185 1187 3226 6.
1220 3185 1258 3224 7.
1288 3184 1359 3224 25.
1417 3181 1468 3224 A.
1501 3182 1550 3224 21
1586 3181 1822 3224 tumultum
1855 3180 2081 3225 Gallorum

362 3246 556 3301 reprimit
598 3248 695 3290 Tac.
729 3262 767 3290 a.
804 3252 843 3299 3,
874 3252 1030 3292 42-46.
1069 3253 1108 3299 4,
1139 3252 1205 3292 18.
1275 3250 1514 3292 Victoriam
1556 3265 1633 3305 per
1671 3250 1896 3292 avaritiam
1936 3248 2084 3293 foedat

367 3312 420 3354 ib.
442 3316 481 3364 4,
503 3316 568 3358 18.
618 3314 671 3358 A.
702 3316 757 3357 24
786 3316 1016 3370 instigante
1048 3316 1203 3359 Seiano
1234 3317 1568 3373 repetundarum
1600 3323 1826 3360 accusatus
1855 3331 1882 3359 a
1902 3316 2080 3360 Visellio

2231 850 2242 864 ι.
2222 651 2242 834 :÷.·;2..,.-=.J.=.r..mex..aa.
2223 505 2242 644 .·.“.2„-·12.‘2'.'«³.
