2242 3672
288 259 576 303 VOLVMNIVS
1146 251 1230 294 480
1792 257 2089 295 VOLVSENVS

348 436 351 439 .
369 391 587 446 praefecto
635 392 871 432 castrorum
908 388 1104 431 Romano
1148 388 1221 430 vix
1264 387 1360 430 lieet
1399 387 1616 442 coyitare).
1679 387 1886 445 Diversus
1926 390 2093 434 omnino

375 459 427 501 ab
458 473 503 501 eo
533 459 606 512 qui
631 458 820 512 sequitur
840 457 995 512 (possis
1015 457 1201 499 conicere
1220 457 1267 498 in
1294 456 1461 499 nornine
1481 456 1571 499 eius
1591 470 1776 500 errorem
1795 458 1961 501 subesse
1979 458 2096 514 apud

375 526 624 582 Iosephurn).

288 608 370 649 640
400 605 679 656 Volumnius,
723 605 874 662 Syriae
912 610 1167 661 procurator
1206 605 1245 658 (ὃ
1285 605 1522 661 ἐπίτροπος),
1566 604 1800 649 Saturnino
1845 604 1917 662 (G.
1947 605 2094 650 Sentio

374 674 624 729 Saturnino)
654 674 797 729 legato
829 673 1114 730 (provinciae)
1145 672 1312 727 Ioseph.
1355 672 1448 716 bell.
1479 677 1516 724 1,
1547 677 1618 724 27,
1649 677 1681 717 2
1709 674 1866 729 (minus
1896 677 2093 718 acewrate

375 742 529 785 dieitur
564 756 652 784 una
693 757 785 784 euni
820 742 1052 786 Saturnino
1084 741 1238 796 Syriae
1264 742 1528 795 praefuisse,
1569 742 1735 796 Ioseph.
1767 746 1854 785 ant.
1885 746 1953 794 16,
1984 746 2023 794 9,
2054 746 2093 798 1,

374 812 461 866 ‘ipse
491 815 529 854 et
550 811 811 854 Saturninus
836 814 871 854 οἱ
893 809 1096 868 Καίσαρος
1124 810 1317 867 ἡγεμόνες
1345 810 1403 853 ib.
1437 810 1463 855 l.
1495 824 1542 861 o„
1576 813 1613 854 οἱ
1641 815 1712 867 τῆς
1739 812 1884 868 Συρίἀς
1902 811 2096 869 ἡγεμόνες

373 880 428 922 ib.
450 883 514 930 16,
537 883 601 930 10,
622 880 681 934 8).
732 880 774 921 Is
806 894 893 921 una
923 893 1019 920 cum
1043 878 1279 925 Saturnino
1307 879 1502 934 permisit
1522 879 1699 934 Herodi,
1724 886 1772 922 ut
1793 881 1880 922 vim
1899 879 2095 923 Arabum

372 948 416 988 vi
446 947 673 1004 repelleret
701 947 866 1002 Ioseph.
900 950 987 990 ant.
1014 950 1079 997 16,
1102 950 1140 997 9,
1162 950 1202 989 1.
1223 950 1278 998 2’;
1307 950 1375 998 10,
1397 950 1437 989 8.
1498 947 1628 991 Circa
1657 963 1694 991 a.
1727 948 1809 991 747
1841 948 1886 990 in
1915 947 2094 991 consilio

378 1015 523 1058 habito
555 1016 608 1058 de
638 1016 826 1058 Herodis
855 1016 970 1071 regis
1009 1015 1132 1070 filiis,
1171 1016 1336 1072 primus
1366 1016 1524 1058 atrocis
1555 1017 1793 1059 sententiae
1822 1023 1972 1059 auctor
2002 1015 2096 1060 bell.

377 1088 415 1135 1,
437 1088 507 1135 27,
529 1088 572 1129 2.
595 1088 633 1139 3,
666 1088 753 1129 ant.
775 1088 841 1136 16,
863 1088 929 1135 11,
951 1087 990 1126 3.

289 1165 368 1207 641
401 1171 445 1209 L.
478 1171 768 1207 VOLVMNIVS
810 1170 1132 1207 HORATIANVS
1178 1164 1337 1207 sodalis
1376 1164 1651 1220 Augustalis,
1694 1171 1867 1222 praetor
1904 1166 2097 1210 urbanus

374 1236 401 1276 t.
433 1233 665 1288 Pyryensis
692 1233 773 1276 XI
793 1236 915 1276 3711.

288 1316 372 1357 642
403 1313 660 1357 Volumnius
693 1313 955 1368 Quadratus,
992 1313 1257 1366 adulescens,
1297 1321 1346 1355 ut
1374 1312 1557 1366 videtur,
1590 1314 1665 1369 qui
1695 1314 1856 1378 scripta
1885 1312 2095 1369 quaedam

374 1397 451 1424 sua
480 1382 713 1424 Frontonis
743 1382 901 1424 iudicio
934 1382 1168 1424 commisit:
1208 1381 1264 1423 ad
1295 1396 1396 1423 eum
1426 1381 1656 1424 Frontonis
1688 1381 1897 1438 epistulae
1927 1381 1986 1424 ad
2014 1395 2096 1427 mn.

373 1455 416 1501 2,
448 1454 486 1492 1.
515 1454 559 1493 2.
586 1454 614 1493 3
643 1465 692 1504 Ρ.
722 1454 814 1494 190.
853 1454 933 1493 191
967 1450 1127 1495 Naber.
1202 1450 1408 1493 Fortasse
1451 1449 1568 1505 filius
1610 1451 1675 1493 vel
1719 1463 1848 1506 nepos
1894 1451 1984 1493 eius
2026 1450 2100 1504 qui

374 1520 574 1573 sequitur.

291 1601 374 1643 643
405 1596 662 1642 Volumnius
713 1599 923 1653 Serenus,
974 1599 1332 1653 Concordiensis3
1387 1598 1656 1642 Concordiae
1705 1599 1891 1655 primum
1941 1597 2096 1653 scriba,

356 1667 533 1710 'deinde
576 1668 774 1719 decurio,·
830 1674 979 1724 postea
1025 1668 1239 1722 relegatus
1284 1673 1332 1710 ut
1375 1666 1551 1709 videtur
1602 1665 1825 1720 (nescimus
1871 1681 1999 1722 quam
2047 1666 2098 1710 ob

375 1739 563 1793 eausam)
604 1738 664 1788 in,
689 1739 1054 1794 quinquennium,
1096 1736 1211 1793 quod
1253 1736 1439 1793 spatium
1479 1735 1635 1778 deinde
1675 1737 1720 1778 in
1755 1736 1990 1796 triennium
2028 1733 2100 1777 vel

378 1805 484 1848 adeo
515 1805 737 1848 biennium
767 1813 953 1849 artatum
986 1814 1050 1849 est
1080 1804 1145 1861 (p.
1175 1809 1269 1849 194.
1299 1804 1420 1860 198);
1459 1820 1558 1847 cum
1594 1811 1692 1861 post
1730 1804 1908 1847 exilium
1946 1818 2098 1846 rursus

375 1874 517 1916 locum
557 1871 601 1916 in
637 1876 760 1917 curia
800 1881 1050 1932 usurparet,
1093 1874 1260 1917 delatus
1297 1881 1362 1917 est
1392 1874 1516 1930 quasi
1555 1874 1600 1915 in
1631 1875 1798 1916 curiam
1827 1874 2096 1930 irrumperet,

376 1958 508 1985 senex
552 1943 648 1999 plus
693 1945 966 2000 septuaginta
1011 1959 1146 1986 annos
1190 1949 1316 1985 natus
1362 1941 1428 1997 (p.
1461 1944 1583 1999 197).·
1629 1943 1718 1984 eius
1764 1956 1935 1984 causam
1981 1940 2098 1998 apud

378 2012 554 2054 Arrium
593 2011 827 2054 Antonium
870 2013 1122 2067 (iuridicum
1161 2013 1350 2067 regionis
1395 2010 1753 2067 Transpadanae)
1778 2004 1780 2007 ’
1803 2011 1894 2066 agit
1937 2010 2100 2052 Fronto

376 2080 558 2136 epistula
598 2080 792 2136 longiore
821 2081 987 2124 Fronto
1019 2081 1077 2124 ad
1106 2095 1186 2124 am.
1219 2084 1261 2131 2,
1295 2084 1323 2123 7
1342 2095 1390 2135 Ρ.
1414 2082 1643 2123 192-198
1675 2079 1835 2124 Naber.
1896 2079 2027 2121 Pater
2057 2084 2100 2121 et

373 2164 479 2190 avus
510 2150 702 2205 equitum
732 2150 1035 2204 Romanorum,
1064 2165 1172 2192 avus
1202 2150 1413 2192 senatoris
1443 2149 1499 2191 ib.
1522 2163 1571 2203 Ρ.
1596 2151 1690 2192 195.

291 2229 374 2270 644
404 2227 635 2270 Volumnia
666 2229 838 2284 Caleda,
872 2237 1007 2272 mater
1037 2232 1120 2272 viri
1152 2230 1333 2272 alicuius
1365 2229 1530 2284 (nomen
1551 2230 1716 2284 periit),
1758 2229 1832 2285 qui
1863 2228 1945 2270 fuit
1977 2227 2099 2284 quin-

376 2297 632 2353 quefascalis
684 2299 882 2354 Raetiae,
937 2297 1256 2356 quindecimvir
1305 2299 1438 2341 sacris
1491 2297 1730 2352 faciundis3
1783 2303 1956 2353 neptem
2006 2296 2098 2339 eius

377 2366 648 2408 matrimonio
703 2367 786 2410 sibi
843 2369 1045 2410 iunxerat
1098 2368 1157 2412 M.
1205 2369 1387 2410 Roscius
1441 2367 1593 2423 Lupus
1637 2366 1822 2408 Murena
1867 2365 2102 2421 septemvir

379 2433 632 2490 epulonum,
666 2442 868 2491 quaestor
910 2437 1160 2493 provinciae
1191 2435 1347 2479 Cretae
1378 2442 1420 2477 et
1450 2434 1722 2491 Cyrenarum
1754 2433 1871 2476 tituli
1898 2433 2101 2488 Gortynii

382 2501 544 2545 Graece
572 2505 732 2557 scripti,
767 2505 918 2547 Museo
948 2505 1131 2547 italiano
1163 2505 1209 2547 di
1238 2504 1446 2547 antichita
1476 2503 1598 2546 class,
1627 2506 1655 2545 3
1684 2517 1738 2558 Ρ.
1767 2506 1862 2546 702.
1895 2505 2007 2544 704.-

296 2581 378 2623 645
409 2588 672 2624 VOLVMNIA
694 2585 977 2640 MODES[TA],
1002 2600 1113 2627 uxor
1131 2591 1179 2627 ut
1200 2585 1375 2627 videtur
1393 2584 1453 2626 M.
1471 2583 1638 2626 Aurelii
1665 2582 1848 2625 alicuius
1874 2581 2099 2625 clarissimi

380 2651 462 2691 viri
495 2650 548 2706 (Α
582 2652 707 2706 1194)
736 2655 763 2696 t.
793 2652 997 2695 Cirtensis
1028 2653 1151 2696 VIII
1171 2656 1292 2696 7033.

294 2729 376 2770 646
406 2736 450 2771 L.
482 2736 756 2773 VOLVSEIVS
789 2724 1056 2787 PROCVLVS,
1090 2732 1167 2786 (sio
1197 2733 1304 2787 fasti
1332 2731 1532 2774 Antiates
1542 2744 1555 2782 ;
1592 2731 1657 2786 [L.
1689 2729 1967 2786 V]olunseius
1996 2729 2104 2783 fasti

379 2796 435 2850 fr.
458 2797 593 2852 Aru),
627 2800 777 2841 consul
806 2801 902 2845 suff.
934 2817 971 2843 a.
1003 2817 1042 2857 p.
1075 2800 1176 2844 Chr.
1206 2801 1259 2844 17
1290 2815 1390 2843 cum
1421 2799 1470 2843 C.
1502 2799 1631 2842 Vibio
1663 2799 1807 2841 Marso
1838 2799 1946 2853 fasti
1972 2798 2101 2852 fratr.

377 2864 480 2907 Arv.
513 2864 650 2917 (CIL.
681 2868 715 2909 I
738 2868 798 2910 ed.
829 2872 861 2911 2
881 2884 930 2923 Ρ.
952 2869 1020 2917 70)
1052 2873 1092 2912 et
1119 2869 1318 2911 Antiates
1349 2867 1422 2920 (ib.
1446 2882 1494 2922 Ρ.
1521 2866 1606 2922 72).

310 2958 365 2962 -
411 2940 451 2975 C.
483 2940 649 2977 IVLIVS
680 2941 984 2978 VOLVSENNA
1014 2944 1347 2980 ROGATIANVS.

297 3013 378 3055 647
410 3020 453 3055 L.
476 3020 768 3058 VOLVSENVS
802 3023 1021 3059 CATVLVS
1054 3018 1130 3073 (sic
1151 3018 1276 3068 tituli,
1309 3016 1558 3059 Volusenus
1579 3015 1760 3058 Catulus
1787 3013 1958 3069 Quint),
1990 3014 2104 3056 inter

384 3082 575 3137 quinque
596 3090 815 3126 curatores
837 3084 1029 3127 locorum
1052 3085 1321 3141 publicorum
1347 3083 1689 3137 iudicandorum,
1723 3096 1907 3139 quorum
1938 3082 2102 3137 primus

382 3149 462 3190 fuit
493 3150 540 3191 L.
571 3150 736 3193 Nonius
765 3151 984 3208 Asprenas
1026 3153 1187 3205 (consul
1217 3168 1256 3195 a.
1281 3168 1328 3207 Ρ.
1358 3152 1462 3196 Chr.
1494 3150 1549 3206 6),
1593 3158 1773 3208 quartus
1803 3150 1919 3204 cippi
1945 3149 2106 3192 urbani

383 3216 450 3258 VI
472 3220 585 3259 1267
592 3233 630 3260 a.
662 3223 773 3262 1267
786 3220 823 3261 b.
855 3223 990 3262 31573
1020 3222 1091 3275 (=
1121 3221 1238 3263 Bull.
1271 3220 1488 3263 coniunale
1516 3222 1626 3263 1885
1647 3234 1695 3274 p.
1728 3222 1781 3262 97
1809 3233 1851 3261 n.
1873 3217 2008 3272 1010)⁴
2030 3216 2102 3259 vel

383 3286 532 3326 tertius
563 3287 709 3340 cippus
740 3287 806 3329 VI
827 3291 961 3330 31574
990 3289 1060 3343 (=
1081 3288 1199 3332 Bull.
1230 3289 1446 3331 eomunale
1475 3291 1584 3330 1886
1604 3302 1653 3342 Ρ.
1674 3290 1758 3331 277
1785 3301 1829 3329 n.
1850 3284 1994 3340 1273).
2048 3286 2100 3328 In
