2242 3672
246 271 452 308 SEXTIVS
1105 262 1188 305 238
1312 275 1314 277 ’
1846 268 2053 305 SEXTIVS

245 404 328 447 472
359 392 403 448 Τ.
436 409 640 446 snlevs
672 407 859 442 MAelvs
890 405 1191 441 LATERANVS
1224 399 1300 452 (sic
1329 398 1397 441 VI
1408 401 1575 449 25527‚·
1605 399 1654 442 T.
1685 398 1714 441 S
1734 431 1743 440 .
1763 432 1772 441 .
1791 431 1829 442 ..
1861 399 1930 442 VI
1942 402 2056 443 1988

331 493 385 507 =
406 471 531 514 XIV
551 474 678 520 2392,
711 470 952 510 Lateranus
974 467 1246 522 plerumque;
1281 467 1326 508 in
1354 466 1570 509 nonnullis
1599 468 1810 520 fastorum
1841 467 2056 511 laterculis
2135 499 2141 503 -

331 555 471 583 errore
501 539 730 591 Clemens).
784 536 998 579 oriundus
1026 535 1191 577 videtur
1211 550 1239 577 a
1266 536 1312 578 T.
1335 535 1478 578 Sextio
1501 535 1716 590 Africano
1746 536 1912 579 consule
1940 550 1980 578 a.
2004 538 2057 579 59

330 610 479 663 (supra
507 622 547 651 n.
569 606 676 660 464),
707 605 770 647 vel
801 608 908 647 certe
937 619 986 646 esc
1017 604 1160 646 eadem
1189 603 1321 654 domo,
1356 604 1580 646 cumatius
1607 604 1651 648 T.
1674 604 1843 647 Sextius
1864 604 2055 659 Mamas,

330 678 368 719 is
397 677 469 730 qui
488 675 719 730 praecedit,
751 673 984 727 Africanos
1016 674 1125 714 inter
1153 673 1336 715 maiores
1364 673 1572 717 habuerit.
1624 672 1787 716 Consul
1819 674 1909 715 ord.
1942 689 1980 716 a.
2001 673 2057 715 94

331 760 428 786 cum
457 745 507 786 L.
539 744 677 785 Nonio
711 743 932 798 Torquato
963 741 1207 798 Asprenate
1236 742 1355 795 fasti.
1406 742 1551 784 Huius
1579 745 1628 784 ut
1660 742 1826 784 videtur
1855 743 1906 785 T.
1934 741 2056 785 Sexti

330 813 464 867 Mag[i
490 810 743 866 L]atera[ni]
766 810 973 865 (traditur
996 810 1297 865 Magnaterae)
1318 811 1468 852 nutrix
1488 811 1640 854 Sextia
1660 810 1793 852 Thais
1825 810 1894 854 VI
1904 813 2056 855 26539.

329 881 532 923 Fortasse
552 880 622 922 hic
638 881 880 922 Lateranus
902 879 1028 920 homo
1050 878 1222 932 nobilis,
1244 878 1471 921 consulatu
1491 879 1677 934 functus,
1697 894 1827 936 quem
1848 885 2058 921 memorat

328 949 472 992 Iurcn.
492 951 532 999 8,
553 952 633 991 146
651 962 733 1002 seq.
756 948 827 1003 (cf.
848 961 981 1001 supra
1001 948 1040 989 L
1061 947 1143 1002 75).
1176 947 1422 996 ,Praeterea
1444 948 1501 990 ad
1528 948 1653 990 huius
1676 948 1822 1003 Mayii
1849 947 2060 990 Laterani

331 1017 495 1059 domum
509 1017 673 1059 videtur
683 1017 899 1071 pertinere
913 1016 962 1058 Τ.
978 1016 1153 1059 Sextius
1169 1015 1412 1071 Magianus‚
1431 1016 1597 1059 Tibure
1614 1016 1848 1059 honoribus
1868 1016 2055 1064 functus,

330 1087 397 1128 cui
429 1085 675 1142 sepulcrum
707 1086 903 1127 fecerunt
933 1086 982 1127 T.
1014 1084 1189 1127 Sextius
1220 1086 1425 1128 Laterani
1460 1084 1535 1127 lib.
1567 1085 1792 1128 Eutuchus
1829 1091 1872 1127 et
1907 1085 2059 1129 Sextia

330 1154 507 1210 Graphe
531 1154 654 1196 XIV
670 1157 793 1198 3680.
853 1154 1068 1196 Incertum
1101 1157 1244 1196 utrum
1276 1154 1404 1196 huius
1432 1168 1489 1196 an
1519 1154 1702 1196 consulis
1729 1145 1785 1196 as
1799 1156 1880 1197 154
1909 1154 2057 1210 (supra

328 1237 369 1265 n.
388 1223 484 1278 468)
515 1236 656 1265 servus
686 1222 898 1265 Martialis
928 1223 979 1265 T.
1008 1222 1131 1265 Sexti
1163 1223 1367 1266 Laterani
1397 1222 1552 1265 vilicus
1584 1222 1652 1265 VI
1673 1225 1796 1266 9987.

243 1290 326 1333 473
357 1291 404 1334 O.
439 1291 612 1334 Sextius
642 1290 871 1345 Martialis,
910 1290 957 1334 C.
989 1291 1030 1346 fi,
1073 1291 1191 1334 tribu
1233 1292 1426 1348 Papiria,
1460 1291 1660 1334 tribunus
1700 1290 1885 1333 militum
1923 1289 2057 1346 legio-

329 1360 394 1401 nis
430 1359 550 1415 I[lII]
594 1359 847 1416 Scythicae,
889 1368 1145 1415 procurator
1183 1360 1296 1414 Aug.
1334 1359 1389 1402 ab
1423 1360 1530 1402 actis
1570 1358 1711 1414 urbis,
1752 1357 1902 1416 p[rOC.]
1940 1358 2056 1413 Aug.

333 1429 445 1470 inter
484 1430 703 1485 mancipes
739 1428 1096 1484 quadragesimae
1127 1428 1365 1472 Galliarum
1399 1434 1441 1470 et
1470 1429 1760 1483 negotiantes,
1804 1434 2058 1484 procurator

329 1497 630 1551 Macedoniae3
654 1498 786 1539 frater
807 1497 857 1541 Τ.
882 1497 1020 1540 Sextii
1040 1497 1284 1540 Alexandri
1317 1500 1343 1540 t.
1367 1496 1692 1539 Mactaritanus
1722 1495 1847 1539 VIII
1858 1495 1902 1540 S.
1922 1498 2059 1538 11813

330 1585 385 1599 Ξ
409 1566 498 1620 eph.
522 1580 582 1620 ep.
603 1568 641 1616 5,
665 1568 784 1608 1175.

246 1633 330 1676 474
361 1634 413 1687 Q.
446 1635 621 1677 Sextius
652 1635 788 1689 Niger
828 1632 894 1685 (de
926 1635 1166 1689 cognomine
1202 1648 1238 1678 v.
1268 1633 1420 1688 infra).
1482 1633 1535 1687 Q.
1569 1634 1745 1677 Sextius
1777 1633 2058 1689 (praenomen

330 1702 484 1745 habent
505 1703 666 1746 Seneca
695 1717 755 1757 ep.
778 1706 843 1753 64,
865 1706 908 1753 2,
942 1702 1056 1745 Suet.
1079 1717 1258 1757 yramrn.
1282 1702 1367 1756 18),
1401 1703 1478 1745 ‘ita
1507 1709 1634 1745 natus
1665 1709 1714 1744 ut
1743 1700 2056 1758 rempublicam

332 1771 507 1814 deberet
535 1786 771 1827 capessere,
803 1771 941 1814 latum
970 1771 1142 1813 clavum
1168 1771 1269 1813 divo
1296 1771 1406 1814 Iulio
1438 1771 1583 1814 dante‘
1608 1771 1913 1826 (natusiyitur
1942 1771 2058 1814 circa

332 1854 371 1882 a.
402 1855 442 1882 u.
476 1855 508 1882 c.
540 1840 637 1893 690)
678 1848 781 1883 ‘non
821 1842 999 1896 recepit‘
1033 1840 1192 1884 Seneca
1227 1855 1286 1895 ep.
1321 1843 1388 1891 98,
1417 1844 1484 1893 13,
1521 1840 1721 1883 ‘honores
1761 1838 1965 1896 reppulit‘
1998 1840 2055 1883 ib.

334 1909 387 1962 cf.
417 1908 537 1952 Plut.
579 1910 628 1952 de
659 1910 842 1964 profect.
881 1910 1024 1951 virtut.
1064 1912 1166 1952 sent.
1207 1908 1342 1961 (Mor.
1366 1924 1413 1964 p.
1441 1908 1555 1963 77¹5).
1617 1908 1908 1964 Philosophus
1939 1907 2055 1952 Suet.

329 1991 507 2031 yramm.
530 1981 595 2028 18,
631 1985 670 2020 ‘e
701 1979 906 2020 Romanis
937 1978 1174 2035 sapientiae
1205 1977 1564 2020 adsectatoribus‘
1590 1977 1709 2019 Ptin.
1741 1977 1781 2020 h.
1806 1990 1848 2019 n.
1876 1979 1936 2028 18,
1958 1980 2056 2028 274,

335 2047 419 2087 ‘vir
458 2062 575 2101 acer,
621 2048 799 2091 Graecis
838 2047 1007 2101 verbis,
1049 2047 1255 2089 Romanis
1299 2046 1491 2089 moribus
1534 2045 1858 2103 philosophans'
1895 2045 2059 2088 Seneca

331 2128 392 2168 ep.
423 2118 488 2165 59,
521 2119 557 2170 7,
593 2116 677 2157 ‘vir
709 2129 891 2170 magnus
924 2122 986 2169 et,
1019 2114 1121 2157 licet
1150 2121 1300 2170 neget,
1334 2114 1521 2158 Stoicus²
1557 2115 1612 2157 ib.
1642 2117 1708 2164 64,
1739 2117 1781 2157 2.
1845 2113 1987 2156 ‘Nova
2017 2121 2060 2156 et

334 2183 515 2225 Romani
547 2184 730 2226 roboris‘
765 2191 882 2226 secta
913 2185 1005 2226 eius
1028 2183 1188 2227 Seneca
1218 2187 1306 2226 nat.
1329 2186 1487 2237 quaest.
1521 2186 1558 2234 7,
1589 2186 1660 2233 32,
1692 2185 1736 2226 2.
1782 2181 2057 2225 Animalibus

333 2251 578 2294 abstinebat
610 2253 771 2295 Scneca
801 2267 862 2307 ep.
893 2255 988 2303 108,
1020 2256 1085 2294 17.
1147 2252 1329 2294 Athenis
1372 2252 1491 2306 degit
1530 2251 1680 2308 ibique
1722 2250 1804 2294 olei
1834 2251 2058 2292 caritatem

332 2321 546 2375 praevidit
576 2321 694 2363 Ptin.
725 2321 764 2365 h.
793 2335 834 2365 n.
867 2324 931 2371 18,
961 2325 1059 2365 274.
1119 2321 1253 2363 Dicta
1283 2320 1350 2362 vel
1391 2322 1552 2377 scripta
1584 2322 1675 2362 eius
1711 2319 1861 2362 laudat
1891 2318 2058 2362 Seneca

336 2404 395 2443 cp.
427 2392 494 2439 59,
533 2393 569 2433 7.
611 2393 683 2440 64,
724 2393 827 2433 2-5.
872 2393 935 2440 73,
966 2393 1036 2433 12.
1077 2392 1142 2440 15,
1186 2389 1288 2432 dial.
1317 2393 1366 2440 4,
1397 2392 1462 2440 36,
1495 2393 1534 2431 1.
1573 2392 1611 2439 5,
1642 2392 1709 2439 36,
1749 2391 1799 2439 1,·
1829 2390 2058 2442 praeterea

339 2457 607 2500 Claudianus
639 2458 879 2500 Mamertus
910 2458 959 2500 de
995 2461 1110 2500 statu
1141 2459 1308 2500 animae
1335 2461 1378 2508 2,
1411 2460 1450 2500 8.
1506 2458 1619 2500 Eum
1649 2456 1788 2499 audiit
1817 2456 2055 2512 (Papirius)

333 2525 550 2568 Fabianus
602 2527 762 2569 Seneca
810 2527 953 2569 rhetor
1003 2530 1183 2569 controv.
1228 2527 1290 2569 II
1323 2527 1470 2581 praef.
1518 2530 1558 2568 4.
1635 2525 1706 2567 Ad
1751 2532 1914 2567 sectam
1963 2524 2055 2566 eius

334 2595 504 2636 transiit
543 2595 593 2636 L.
637 2594 876 2637 Crassicius
916 2596 1223 2650 grammaticus
1267 2595 1438 2638 Sueton.
1480 2609 1659 2649 yrarmn.
1699 2597 1766 2636 18.
1826 2593 2057 2635 Praeterea

335 2670 495 2703 sectam
536 2664 625 2704 cius
657 2670 828 2705 secutus
861 2663 1035 2706 Sextius
1063 2663 1175 2705 filius
1208 2663 1370 2706 Seneca
1399 2667 1488 2706 nat.
1521 2666 1677 2716 quaest.
1709 2666 1745 2712 7,
1778 2665 1851 2712 32,
1883 2664 1914 2703 2
1943 2660 2057 2713 (inde

334 2732 421 2782 ipse
447 2730 581 2772 dictus
612 2731 785 2773 Sextius
816 2739 940 2787 pater
959 2731 1118 2774 Seneca
1148 2747 1210 2786 ep.
1233 2735 1298 2783 64,
1319 2736 1364 2775 2.
1396 2735 1462 2782 98,
1485 2735 1560 2783 13,·
1592 2730 1823 2774 Claudian.
1853 2730 2054 2772 Mamert.

336 2797 383 2838 dc
403 2801 517 2839 statu
541 2799 706 2840 animae
728 2803 768 2852 2,
792 2803 843 2850 8,·
872 2807 1133 2842 memoratur
1155 2815 1241 2842 una
1263 2815 1360 2842 cum
1385 2799 1472 2842 filio
1495 2799 1671 2853 Quintil.
1692 2800 1790 2843 inst.
1810 2802 1878 2849 10,
1896 2802 1932 2849 1,
1952 2800 2056 2848 124;

336 2864 562 2907 Claudian.
596 2867 797 2909 Mamert.
833 2868 857 2911 l.
891 2868 956 2922 6.).

420 2934 511 2975 Aut
553 2934 620 2975 hic
665 2939 738 2976 aut
781 2936 895 2990 silius
937 2937 1024 2978 eius
1070 2937 1172 2989 (non
1215 2936 1283 2978 hic
1326 2936 1401 2978 sed
1437 2936 1574 2991 filius,
1613 2935 1749 2977 iudice
1779 2934 2055 2984 Wellmanno,

338 3003 390 3055 cf.
423 3002 581 3056 ‘e'nf'ra).·
622 3003 796 3045 Sextius
827 3004 963 3058 Niger
992 3005 1069 3060 (sic
1098 3005 1274 3048 Plinius
1292 3005 1553 3059 plerumquc,
1586 3004 1762 3047 Sextius
1793 3002 1912 3045 Ptin.
1942 3002 1982 3044 h.
2013 3016 2054 3045 n.

336 3074 400 3120 16,
422 3073 486 3112 51.
517 3074 589 3119 20,
612 3074 707 3113 129.
738 3074 809 3121 28,
832 3076 928 3114 120.
950 3077 1041 3117 131.
1073 3077 1144 3124 29,
1169 3077 1232 3115 76.
1263 3076 1333 3123 32,
1357 3076 1426 3124 26,
1460 3072 1579 3129 Νίγερ
1601 3071 1886 3121 Dioscorides,
1915 3070 2057 3128 Νίγρος

338 3138 487 3180 Galen.
511 3141 549 3180 et
570 3139 836 3193 Erotianus),
862 3142 935 3195 qui
959 3142 1126 3184 Graece
1150 3143 1321 3198 scripsit
1342 3142 1395 3184 de
1425 3142 1639 3183 medicina
1659 3139 1778 3183 Ptin.
1800 3139 1839 3180 h.
1861 3153 1903 3181 n.
1923 3142 1961 3189 1,
1984 3142 2053 3182 12.

336 3210 400 3247 13.
431 3209 496 3247 33.
528 3210 582 3248 34
614 3206 685 3259 (de
715 3207 1035 3251 medicamentis
1058 3209 1329 3253 Dioscorides
1352 3210 1401 3252 de
1423 3213 1570 3252 mater.
1601 3208 1707 3250 oned.
1740 3208 1812 3250 lib.
1844 3207 1878 3249 I
1893 3207 2053 3261 praefi,

340 3274 530 3316 Galenus
558 3274 637 3316 XI
643 3274 683 3316 V
692 3290 738 3328 p.
763 3278 789 3315 7
818 3275 879 3317 ed.
913 3277 1067 3328 Kulzn,
1109 3281 1196 3333 περὶ
1227 3281 1323 3334 ὕλης
1351 3279 1589 3320 Erotz'anus
1618 3290 1651 3318 s.
1683 3290 1720 3318 v.
1751 3276 1927 3331 λείριον),
1964 3273 2057 3316 dili-

334 3342 607 3397 gentissimus
647 3342 886 3384 medicinae
927 3344 1042 3386 Ptin.
1075 3346 1114 3387 h.
1148 3361 1189 3388 n.
1220 3350 1291 3396 32,
1323 3350 1393 3389 26.
1462 3346 1532 3388 Ab
1575 3347 1745 3387 auctore
1787 3343 1913 3384 huius
1954 3341 2060 3384 libri
