2242 3672
265 233 486 271 VRANIVS
512 236 513 239 ¹
1126 222 1210 268 490
1888 231 2070 270 vnmvs

351 364 547 408 tumelias
590 364 631 405 in
673 362 902 406 Caesarem
942 361 1110 415 dictas’‚
1153 376 1298 404 coram
1337 357 1491 405 senatu
1530 363 1777 414 convictus,
1822 358 2072 407 ‘maiestatis

276 468 277 471 η
352 435 500 492 poenis
530 432 724 475 adfectus
755 435 835 472 est'
871 430 967 472 ,Tao-
996 444 1036 472 a.
1061 433 1099 484 4,
1130 433 1199 484 42,
1232 429 1448 484 relegatus
1478 430 1521 472 in
1554 430 1757 474 Baleares
1787 431 1962 487 insulas,
1996 433 2070 476 ubi

352 518 436 544 non
458 500 588 543 multo
610 506 707 556 post
726 499 909 540 moritur
924 498 1208 553 Hieronymus
1228 498 1370 541 chron.
1393 499 1451 541 ad
1470 513 1509 544 a
1530 499 1640 543 Abr.
1656 503 1770 544 2043
1784 501 1845 556 (p.
1865 499 1967 543 Chr.
1983 503 2070 558 27).

283 598 338 604 ——
378 571 544 614 Urania
573 569 725 623 regina
753 581 790 610 v.
822 566 1075 609 Thermusa.

267 641 348 683 675
379 643 620 691 VRANIVS,
666 643 877 692 tyrannus
922 634 1003 677 sub
1043 634 1281 690 Elagabalo
1324 635 1480 680 Polem.
1524 636 1652 691 silv„
1699 636 1780 680 sub
1821 637 2072 680 Alexandro

352 703 932 759 Zosim.1,12;Synoellus
952 718 1002 758 p.
1024 706 1117 747 674.
1149 707 1240 746 675.
1298 703 1365 758 Cf.
1397 718 1530 759 supra
1559 706 1636 748 sub
1669 701 1718 748 L.
1748 705 1864 748 Iulio
1892 705 2072 748 Aurelio

351 775 540 830 Sulpicio
579 773 739 817 Uranio
768 772 987 814 Antonino
1018 771 1068 827 (I
1090 775 1204 827 125).

278 870 335 875 --
378 850 529 887 LVOIA
559 848 750 883 LICINIA
781 846 996 884 VRBANA.

265 915 348 957 676
380 917 611 956 VRBANVS
643 908 791 951 consul
822 908 911 950 ord.
946 924 983 952 a.
1006 909 1086 950 234
1121 923 1219 950 cum
1250 909 1327 963 (M.
1350 909 1500 952 Clodio
1524 910 1733 967 Pupienio
1745 910 1787 966 ?)
1817 910 2008 953 Maximo
2027 911 2073 953 ΙΙ

348 982 455 1036 fasti
493 980 682 1037 (Οὐβανός
720 979 827 1032 fasti
870 977 1070 1028 Theonis,
1113 978 1333 1036 Οὐρβιανός
1370 979 1652 1034 Heracliam).
1719 980 1787 1034 Cf.
1821 994 1955 1035 supra
1982 981 2071 1023 ‹sub

350 1049 554 1105 Aqrioola
593 1048 775 1091 Urbano.

265 1120 347 1163 677
379 1118 603 1171 Urbanus,
652 1116 732 1158 sub
781 1115 1017 1158 Aureliano
1062 1130 1273 1158 novarum
1320 1132 1465 1159 rerum
1510 1123 1736 1174 suspectus
1782 1123 1825 1159 et
1868 1117 2072 1160 continuo

350 1201 581 1244 oppressus
612 1185 766 1227 Zosim.
798 1189 836 1235 1,
867 1187 934 1227 49.

281 1282 332 1286 —
375 1255 697 1308 AGRICOLA(‘?)
730 1260 977 1296 VRBANVS.

279 1350 334 1355 —
376 1324 623 1380 [An]ton1ius
655 1321 895 1366 Urbanus.

280 1419 336 1424 —
378 1393 426 1436 C.
460 1392 739 1449 Sempronius
771 1391 987 1435 Urbanus.

279 1488 335 1492 —-
379 1467 576 1503 MAGNIA
605 1466 791 1502 VRBICA
821 1466 1065 1502 AVGVSTA.

284 1556 335 1562 -—
383 1529 559 1573 Valeria
590 1528 764 1572 Urbica.

265 1599 348 1642 678
378 1599 579 1653 Urbicus,
612 1596 762 1639 histrio
794 1597 981 1640 Juvenal.
1014 1601 1051 1649 6,
1084 1602 1150 1641 71.

265 1669 349 1711 679
384 1667 590 1721 Urbicus,
633 1666 688 1708 ad
728 1681 827 1709 eum
868 1666 1018 1709 datum
1057 1667 1257 1715 Martial.
1316 1670 1417 1718 ,51
1458 1666 1584 1723 (idem
1621 1681 1772 1710 nomen
1809 1666 1866 1711 ib.
1897 1669 1965 1717 11,
1994 1668 2072 1717 55,
2066 1679 2075 1688 ·

352 1736 562 1779 Cosconia
592 1751 703 1778 uxor
732 1739 796 1788 11,
826 1738 892 1786 55,
923 1735 980 1790 5).

267 1806 350 1847 680
381 1804 590 1855 Urbicus,
629 1804 793 1858 infans,
836 1804 959 1846 Bassi
1001 1804 1224 1847 cuiusdam
1256 1804 1435 1847 deliciae
1473 1805 1637 1861 (potius
1668 1793 1795 1861 quam
1825 1804 1971 1859 filius),
2003 1803 2073 1846 de-

349 1874 523 1915 functus
563 1887 675 1914 anno
717 1873 870 1914 aetatis
917 1874 1064 1928 tertio,
1113 1875 1156 1915 in
1203 1874 1326 1916 cuius
1372 1873 1622 1930 sepulcrum
1661 1873 1874 1916 Martialis
1919 1887 2073 1915 versus

350 1943 522 1997 scripsit
554 1941 754 1983 Martial.
786 1945 824 1992 7,
856 1944 923 1984 96.

266 2011 345 2052 681
381 2009 592 2060 Urbicus,
644 2009 825 2051 fortasse
867 2012 1167 2065 magistratus,
1216 2017 1481 2053 memoratur
1521 2009 1688 2055 Dosith.
1731 2010 1818 2053 divi
1853 2009 2076 2053 Hadriani

328 2082 452 2121 sent.
484 2081 523 2120 et
552 2079 670 2132 epist.
701 2082 766 2122 10.

278 2172 335 2176 -
380 2147 433 2200 Q.
463 2146 637 2189 Axilius
667 2147 869 2190 Urbicus.

278 2239 334 2245 ——·
379 2214 542 2257 Lollius
569 2214 769 2259 Urbicus.

277 2308 334 2313 —
378 2290 429 2326 M.
458 2289 669 2325 LOLLIVS
699 2290 925 2326 VRBICVS.

283 2376 334 2381 —
381 2352 610 2393 Petronius
642 2352 842 2397 Urbicus.

281 2446 333 2451 ——-
379 2420 609 2476 Pompeius
639 2420 842 2464 Uibicus.

265 2489 347 2530 682
378 2487 560 2532 Urbinia
589 2489 665 2544 (sio
688 2489 882 2531 traditur
908 2490 1047 2543 Quint.
1071 2492 1108 2540 7,
1127 2493 1172 2540 2,
1193 2493 1233 2541 5,
1263 2490 1403 2544 sicque
1433 2490 1561 2532 etiam
1587 2491 1728 2544 Quint.
1759 2493 1797 2541 4,
1829 2494 1867 2542 1,
1899 2454 1953 2535 11
1982 2454 2071 2535 cod.

346 2556 491 2608 Bernq
523 2556 691 2599 Urbina
721 2559 777 2600 ib.
808 2558 897 2601 ood.
930 2558 1141 2609 Ambros„
1179 2560 1311 2601 etita
1340 2559 1528 2602 traditur
1563 2560 1705 2612 Quint.
1738 2563 1774 2610 7,
1805 2562 1858 2610 2,
1884 2563 1934 2611 4,
1974 2561 2074 2604 item

350 2626 413 2666 ota
441 2625 504 2667 vel
536 2625 672 2668 Urvia
700 2626 762 2668 vel
796 2627 931 2670 Uriva
966 2627 1064 2669 Tac.
1096 2627 1197 2671 dial.
1230 2627 1402 2679 codices,
1433 2627 1677 2671 Urbiniana
1707 2628 1896 2670 traditur
1930 2629 2071 2682 Quint.

355 2695 391 2742 7,
414 2695 456 2742 2,
479 2692 566 2748 26),
600 2692 784 2735 Clusinii
806 2694 996 2737 alicuius
1028 2702 1076 2737 ut
1102 2695 1288 2751 videtur,
1321 2711 1376 2738 ex
1400 2696 1660 2739 Marrucinis
1683 2695 1846 2750 (Quint.
1871 2700 1908 2747 7,
1930 2700 1974 2748 2,
1995 2700 2071 2753 26)

352 2775 486 2802 uxor:
529 2762 619 2803 eius
660 2762 941 2805 hereditatem
981 2778 1079 2806 cum
1120 2763 1272 2806 mediis
1307 2764 1396 2806 divi
1428 2764 1616 2819 Augusti
1658 2765 1924 2821 temporibus
1951 2766 2071 2821 (Tac.

356 2828 476 2885 dial.)
518 2836 682 2885 peteret
721 2830 898 2887 aliquis,
941 2832 1014 2888 qui
1056 2847 1101 2874 se
1141 2832 1383 2875 Clusinium
1424 2832 1626 2887 Figulum
1668 2832 1803 2875 filium
1844 2833 1934 2875 eius
1980 2848 2073 2876 esse

353 2896 545 2952 dicebat,
590 2897 767 2940 heredes
806 2899 1000 2942 defendit
1043 2900 1159 2956 apud
1204 2902 1494 2943 centumviros
1534 2900 1672 2956 (Tac.)
1712 2900 1889 2943 Asinius
1935 2900 2072 2944 Pollio

354 2964 650 3020 compluribus
682 2968 960 3022 orationibus,
992 2983 1098 3024 quas
1135 2970 1269 3011 citant
1303 2969 1445 3022 Quint.
1475 2973 1514 3020 4,
1545 2973 1583 3019 1,
1615 2973 1679 3013 11.
1716 2973 1755 3020 7,
1786 2973 1830 3020 2,
1861 2973 1899 3012 4.
1930 2972 1970 3012 5.
1999 2973 2071 3020 26,

359 3033 454 3074 Tac.
487 3033 589 3075 dial.
619 3037 685 3084 38,
721 3041 865 3091 partes
895 3035 1134 3078 adversarii
1168 3044 1346 3092 gerente
1377 3037 1569 3080 Labieno
1606 3038 1746 3091 Quint.
1777 3041 1816 3088 4,
1848 3041 1886 3088 1,
1918 3041 1970 3079 11
2001 3037 2073 3092 (lis

355 3100 595 3143 Urbiniana
631 3103 771 3155 Quint.
801 3107 839 3154 7,
871 3107 913 3154 2,
945 3106 1035 3158 26).

267 3169 349 3210 683
382 3168 543 3210 Urbius
563 3178 566 3184 ·
584 3170 801 3212 Maximus
843 3170 1116 3225 (yentilioium
1156 3174 1340 3227 fortasse
1378 3177 1662 3231 corruptum),
1703 3174 1980 3229 magistratus
2025 3181 2073 3217 ut

347 3236 525 3278 ,videtur
545 3237 744 3290 (fortasse
766 3241 975 3295 praetor):
1008 3241 1192 3296 epistula
1213 3242 1411 3285 divorum
1437 3242 1620 3285 fratrum
1646 3242 1702 3285 ad
1732 3255 1831 3284 eum
1860 3242 2073 3297 Uhpicmus

354 3303 462 3345 libro
492 3308 606 3346 sexto
638 3305 970 3359 disputationum
999 3307 1122 3363 (Dio.
1152 3313 1220 3360 40,
1252 3314 1290 3360 1,
1321 3314 1348 3353 4
1368 3314 1473 3367 pru),
