2242 3672
121 267 381 305 TERENTIA
495 279 499 281 ⁴
989 266 1074 309 305
1681 270 1942 330 TERENTIA

128 418 130 420 ’
209 401 360 445 datum
391 411 569 444 carmen
598 402 754 445 Horat.
785 406 828 453 2,
851 405 918 446 10.
939 427 998 432 -
1026 402 1108 445 Vix
1136 402 1204 444 liic
1234 402 1376 445 Varro
1407 403 1483 459 qui
1515 401 1740 445 obtinebat
1769 401 1943 458 Syriam

208 470 430 527 aliquanto
455 477 556 513 ante
581 485 619 513 a.
642 471 727 513 734
746 470 913 526 Ioseph.
937 474 1024 514 ant.
1047 473 1112 522 15,
1135 474 1201 521 10,
1223 474 1261 522 1,
1296 470 1388 515 bell.
1412 474 1451 522 1,
1475 474 1546 522 20,
1569 474 1617 523 4;
1648 472 1703 525 cf.
1725 471 1848 525 infra
1867 471 1943 513 sub

208 539 410 583 Varrone.
811 583 814 586 .

123 608 177 651 75
208 613 468 650 TERENTIA
509 624 624 652 uxor
652 609 711 651 M.
743 607 859 651 Tulli
899 608 1120 652 Ciceronis
1164 610 1361 652 oratoris
1420 608 1485 664 Cf.
1527 609 1758 652 Drumann
1795 608 1944 652 Gesch.

208 676 343 720 Roms
382 677 451 720 VI
464 692 513 732 p.
541 680 624 720 685
652 691 738 732 sqq.
800 676 975 720 Videtur
1013 679 1207 733 nupsisse
1243 677 1442 721 Ciceroni
1474 693 1513 723 a.
1546 682 1628 721 674
1665 678 1728 721 vel
1767 681 1846 721 675
1883 677 1948 720 vel

209 746 337 788 etiam
377 748 504 788 antea
544 744 793 801 (Drumann
823 760 871 800 p.
903 746 1014 797 685),
1057 746 1248 789 discessit
1287 747 1340 790 ab
1382 761 1428 798 eo
1469 762 1508 790 a.
1541 750 1622 789 708
1661 748 1734 803 (ib.
1757 762 1805 802 p.
1837 746 1946 802 691).

136 827 140 831 ’
210 814 368 857 Postea
406 815 556 871 nupsit
590 813 797 857 Sallustio
839 814 1063 857 Ciceronis
1106 816 1301 871 inimico,
1346 817 1472 858 tertio
1513 815 1726 859 Messalae
1756 815 1947 859 Corvino

210 883 494 938 Hieronymus
527 883 620 927 adv.
652 883 866 925 Iovinian.
898 886 936 934 1,
967 886 1035 934 48,
1067 883 1179 937 quod
1204 884 1277 926 vix
1303 884 1419 926 credi
1438 887 1597 939 potest,
1631 885 1686 938 cf.
1717 884 1950 927 Drumann

206 966 256 1007 p.
282 955 376 1003 693,
407 952 508 994 item
537 952 657 1006 infra
688 952 765 994 sub
796 952 864 994 M.
891 951 1062 994 Valerio
1087 952 1300 995 Messalla
1322 952 1505 995 Corvino
1529 953 1651 1007 (quae
1672 953 1794 996 Vibio
1814 953 1947 1008 Rufo,

210 1021 285 1075 qui
311 1021 461 1075 floruit
492 1021 749 1075 temporibus
780 1020 954 1070 Tiberii,
988 1020 1145 1062 dicitur
1173 1021 1366 1075 nupsisse
1387 1019 1601 1063 Ciceronis
1629 1035 1739 1064 uoeor
1760 1036 1788 1063 a
1807 1021 1951 1064 Dione

208 1092 276 1140 57,
297 1091 364 1140 15,
397 1093 506 1132 certe
530 1103 618 1131 non
637 1089 741 1132 haec
762 1089 857 1142 fuit,
880 1092 1024 1143 potest
1042 1089 1175 1143 fuisse
1194 1089 1334 1131 altera
1355 1088 1572 1132 Ciceronis
1591 1104 1701 1133 uxor
1723 1089 1950 1146 Publilia).

211 1159 338 1201 Vixit
371 1173 508 1202 annos
543 1157 650 1201 CIII
692 1158 782 1202 Val.
824 1158 949 1200 Max.
986 1160 1025 1208 8,
1062 1161 1126 1208 13,
1165 1161 1211 1207 6,
1251 1157 1368 1199 Plin.
1400 1172 1442 1200 n.
1474 1157 1514 1200 h.
1550 1162 1588 1209 7,
1621 1161 1713 1201 158.
1784 1158 1953 1200 Liberti

210 1228 394 1282 fortasse
423 1229 514 1271 eius
542 1230 832 1270 memorantur
867 1226 936 1269 VI
950 1229 1107 1276 27261,
1141 1226 1195 1279 cf.
1227 1227 1350 1280 infra
1379 1227 1455 1268 sub
1487 1226 1578 1281 filio
1610 1228 1699 1269 eius
1719 1227 1783 1269 M.
1813 1227 1952 1269 Tullio

214 1295 428 1340 Cicerone.

128 1365 182 1408 76
213 1365 441 1421 Terentia,
484 1380 596 1408 uxor
626 1365 675 1408 O.
707 1365 972 1407 Maecenatis
1005 1364 1168 1407 Seneca
1198 1363 1302 1406 dial.
1333 1367 1371 1414 1,
1402 1367 1442 1414 3,
1474 1367 1550 1415 11,
1594 1365 1710 1410 Suet.
1742 1366 1854 1420 Auy.
1886 1369 1952 1416 66,

212 1433 302 1477 Dio
327 1438 394 1486 54,
415 1438 482 1485 19,
513 1434 617 1489 Diy.
639 1437 709 1485 24,
731 1437 769 1488 1,
794 1437 846 1476 64
877 1433 1142 1488 (concubina
1168 1432 1434 1475 Maecenatis
1455 1433 1583 1476 schol.
1607 1434 1665 1476 ad
1692 1434 1802 1477 Hor.
1834 1434 1951 1488 epod.

211 1506 251 1554 3,
267 1507 325 1548 21
344 1504 486 1559 male),
511 1518 633 1545 soror
653 1503 862 1545 Murenae
878 1502 968 1545 Dio
982 1506 1048 1552 54,
1064 1505 1092 1543 3
1107 1502 1198 1554 (ubi
1214 1515 1366 1544 nomen
1383 1516 1468 1544 non
1486 1502 1692 1557 ponitur).
1723 1503 1955 1545 Morositas

214 1573 329 1628 eiust,
352 1572 408 1616 ab
431 1587 481 1615 ea
500 1572 734 1615 ‘cotidiana
754 1571 952 1629 repudia’
972 1571 1220 1627 patiebatur
1234 1571 1466 1613 Maecenas
1485 1571 1648 1614 Seneca
1669 1571 1771 1614 dial.
1793 1575 1831 1622 1,
1847 1575 1886 1622 3,
1903 1575 1956 1614 10

213 1641 284 1697 (cf.
308 1644 538 1696 praeterea
567 1655 702 1696 supra
733 1641 810 1683 sub
840 1641 1123 1696 Maecenate).
1180 1640 1420 1682 Terentiam
1450 1639 1579 1695 (hanc
1609 1643 1658 1682 ut
1678 1640 1860 1695 violetur)
1891 1641 1954 1683 in-

214 1710 488 1766 telleyendam
516 1724 601 1754 esse
623 1710 740 1765 apud
759 1709 992 1752 Horatium
1017 1723 1146 1752 carm.
1169 1712 1213 1760 2,
1235 1712 1306 1759 12,
1329 1711 1383 1751 13
1411 1709 1488 1751 sub
1520 1709 1688 1751 nomine
1709 1709 1957 1763 Licymniae

212 1779 403 1822 traditur
445 1780 492 1822 in
534 1779 705 1822 scholiis
743 1793 852 1833 quae
892 1778 1091 1821 dicuntur
1129 1777 1316 1820 Acronis
1358 1777 1416 1820 acl
1450 1778 1559 1820 Hor.
1601 1781 1682 1821 sat.
1718 1781 1744 1819 1
1758 1811 1767 1828 ,
1803 1781 1856 1830 2,
1887 1781 1952 1829 64,

216 1849 272 1903 ef.
304 1848 525 1904 Kiessliny
568 1848 627 1891 ad
665 1861 794 1890 carm.
826 1850 869 1898 2,
900 1851 970 1891 12.
1043 1847 1094 1889 Εἰ
1136 1852 1350 1889 secretum
1391 1846 1447 1888 de
1486 1853 1707 1902 comperta
1746 1847 1955 1889 Murenae

215 1919 512 1960 coniuratione
544 1918 599 1972 (a.
629 1918 731 1970 731)
762 1916 956 1973 prodidit
982 1916 1213 1958 Maecenas
1236 1915 1354 1959 Suet.
1377 1915 1403 1958 l.
1431 1929 1465 1958 c.
1518 1915 1744 1970 Augustus
1776 1931 1874 1958 cum
1907 1931 1957 1958 ea

216 1986 573 2030 consuetudinem
612 1986 816 2028 habuisse
847 1985 1074 2027 dicebatur
1105 1985 1177 2040 (cf.
1209 1983 1297 2027 Dio
1326 1986 1392 2035 55,
1427 1983 1492 2038 7)‚·
1531 1999 1639 2041 quos
1679 1999 1874 2026 rumores
1909 1992 1958 2028 ut

217 2058 376 2099 vitaret
405 2071 443 2098 a.
468 2056 550 2099 738
571 2055 797 2109 Augustus
828 2053 982 2097 urbem
1014 2053 1242 2110 reliquisse
1276 2053 1513 2110 putabatur
1543 2052 1632 2096 Dio
1662 2055 1729 2104 54,
1761 2057 1826 2098 19.

133 2126 185 2169 77
217 2126 434 2180 Terentia,
459 2124 643 2167 Domitii
666 2123 838 2179 (uxor):
863 2124 952 2166 eius
974 2123 1151 2165 libertus
1170 2122 1226 2166 A.
1249 2123 1481 2165 Terentius
1504 2122 1718 2165 Heracleo
1751 2122 1821 2165 VI
1832 2126 1955 2166 5886.

215 2194 422 2237 Fortasse
452 2193 614 2247 femina
643 2192 812 2243 nobilis,
845 2191 941 2247 filia
970 2191 1027 2233 A.
1065 2191 1253 2234 Terentii
1282 2191 1478 2234 alicuius.

133 2263 185 2306 78
216 2268 476 2304 TERENTIA
507 2294 517 2304 .
536 2294 547 2304 .
565 2295 574 2304 .
594 2294 604 2304 .
623 2268 685 2303 CA
717 2260 957 2303 clarissima
986 2260 1149 2303 femina
1179 2263 1206 2304 t.
1236 2259 1560 2303 Concordiensis
1591 2260 1775 2304 V8672.

132 2332 187 2375 79
217 2337 478 2374 TERENTIA
510 2328 806 2373 CLAVDIANA
837 2330 886 2372 P.
917 2330 960 2383 f.‚
993 2328 1235 2372 clarissima
1265 2329 1426 2371 femina
1457 2329 1526 2372 VI
1546 2331 1671 2372 1525.

132 2402 187 2444 80
219 2406 481 2443 TERENTIA
520 2405 769 2443 FLAVOLA.
846 2398 980 2441 Tituli
1015 2399 1198 2441 urbani:
1238 2397 1308 2440 VI
1328 2401 1441 2441 2130
1472 2398 1545 2453 (1).
1585 2401 1698 2441 2144
1739 2398 1815 2454 (2),
1858 2398 1957 2441 bull.

217 2469 435 2512 comunale
464 2471 575 2511 1883
595 2483 644 2523 p.
665 2471 751 2512 216
780 2482 821 2510 n.
844 2471 924 2510 614
955 2466 1027 2521 (3),
1059 2468 1117 2511 ib.
1147 2481 1189 2510 n.
1211 2469 1290 2510 615
1320 2466 1392 2523 (4).
1452 2467 1725 2510 Memoratur
1764 2468 1811 2510 in
1852 2468 1958 2509 actis

217 2538 413 2581 ludorum
449 2537 738 2581 saecularium
777 2538 883 2579 anni
910 2540 1007 2588 204,
1050 2537 1140 2591 eph.
1174 2551 1235 2591 ep.
1257 2539 1286 2578 8
1307 2551 1354 2591 10·
1376 2539 1466 2580 287
1494 2536 1565 2592 (5).
1627 2537 1833 2579 Terentia
1863 2535 1957 2578 Fla-

215 2607 316 2651 vola
336 2606 571 2663 (F[la]vola
592 2610 620 2649 t.
641 2609 679 2661 5,
712 2604 897 2648 Flavula
929 2609 955 2650 t.
976 2606 1025 2660 2)
1057 2609 1084 2648 t.
1105 2608 1204 2659 1—5,
1237 2605 1362 2659 virgo
1383 2604 1574 2648 Vestalis
1596 2607 1787 2648 maxima
1809 2608 1836 2648 t.
1858 2609 1956 2663 1-4,

217 2691 330 2720 anno
362 2677 445 2720 215
478 2679 506 2720 t.
538 2679 563 2718 1
595 2676 727 2730 (anno
758 2676 843 2718 204
874 2674 1067 2717 nondum
1098 2675 1288 2716 maxima
1326 2673 1403 2716 sed
1442 2676 1661 2716 maximae
1701 2680 1750 2716 ut
1785 2673 1959 2715 videtur

214 2746 415 2802 proxima
450 2748 478 2788 t.
508 2747 546 2798 5,
580 2744 635 2798 cf.
666 2743 757 2798 eph.
787 2758 847 2798 ep.
878 2746 974 2798 81).
996 2746 1086 2788 267
1111 2746 1196 2786 not.
1227 2743 1290 2797 2).
1353 2742 1486 2786 Soror
1526 2743 1720 2785 Terentii
1753 2742 1957 2787 Gentiani

217 2817 247 2856 t.
268 2818 310 2868 2,
343 2814 447 2856 item
469 2813 523 2867 Q.
543 2812 731 2855 Lolliani
753 2812 917 2855 Plautii
939 2812 1060 2855 Aviti
1092 2815 1119 2857 t.
1141 2815 1180 2854 3.
1232 2811 1300 2866 Cf.
1327 2815 1504 2854 stemma
1529 2812 1795 2866 propositum
1824 2825 1959 2865 supra

217 2883 292 2925 sub
324 2883 375 2925 L.
407 2882 605 2924 Lolliano
631 2881 762 2924 Avito
793 2880 887 2934 (vol.
909 2881 972 2923 II
985 2895 1033 2935 p.
1055 2880 1169 2935 294).

133 2951 183 2994 81
219 2952 428 2994 Terentia
457 2949 675 3007 Hispulla,
708 2949 788 2994 Cn.
817 2949 847 2992 f.
880 2950 1090 3006 (fortasse,
1121 2952 1169 2991 ut
1199 2950 1375 2992 coniecit
1398 2948 1710 3003 Dittenberyer,
1744 2962 1794 2991 ex
1824 2948 1956 3001 stirpe

217 3020 268 3063 P.
305 3020 491 3063 Terentii
531 3019 761 3074 Hisponis,
804 3019 954 3072 equitis
991 3018 1203 3071 Romani,
1246 3032 1367 3072 quem
1406 3020 1614 3060 memorat
1644 3016 1727 3060 Cic,
1761 3015 1819 3058 acl
1852 3017 1957 3070 fam.

218 3091 284 3140 13,
315 3091 377 3141 65,
409 3093 447 3143 1,
482 3088 540 3130 ad
567 3087 660 3130 Att.
694 3091 758 3143 11,
791 3087 874 3142 10),
917 3094 1056 3129 mater
1085 3087 1137 3130 L.
1172 3086 1335 3129 Valerii
1366 3086 1540 3140 Catulli,
1573 3091 1716 3127 statua
1747 3084 1958 3126 honorata

218 3171 305 3199 una
345 3170 446 3198 cum
484 3155 571 3198 filio
603 3172 628 3198 a
666 3155 824 3212 populo
857 3154 1116 3198 Atheniensi
1149 3154 1305 3197 CIAtt.
1337 3155 1426 3197 III
1449 3154 1549 3197 619⁶
1581 3154 1645 3208 (p.
1676 3152 1801 3206 498),·
1840 3167 1959 3206 quem

219 3224 389 3267 titulum
409 3225 589 3267 incisum
610 3224 776 3267 iudicat
793 3223 1097 3279 Dittenberyer
1119 3223 1316 3278 (propter
1334 3224 1471 3274 Λουκ-,
1493 3236 1579 3265 non
1594 3223 1718 3264 Λευκ-
1737 3221 1958 3275 scriptum)

216 3307 361 3337 versus
390 3294 517 3349 finem
546 3293 707 3337 saeculi
728 3309 775 3348 p.
805 3293 911 3337 Chr.
935 3294 1086 3349 primi.

133 3362 188 3406 82
216 3363 423 3406 Terentia
442 3361 668 3405 Marcella:
701 3364 794 3405 eius
815 3362 1090 3419 dispensator
1122 3361 1190 3404 VI
1203 3365 1328 3404 9340.
1379 3359 1586 3402 Fortasse
1606 3358 1768 3411 femina
1786 3357 1957 3400 nobilis.

201 3436 485 3473 Prosopographin
506 3437 589 3472 Imp.
610 3437 702 3465 Rom.
739 3436 801 3465 111.
1642 3425 1688 3460 20
