2242 3672
167 213 483 251 SATVRNINVS
1036 209 1118 253 177
1672 215 1986 253 SATVRNINVS

166 345 248 390 167
280 378 406 389 .....
437 345 700 389 Saturninus
729 350 988 390 memoratur
1016 348 1064 391 in
1093 350 1122 391 t.
1154 347 1390 403 Smyrnaeo
1418 345 1543 392 OIG.
1565 350 1692 399 3210,
1724 347 1910 403 fortasse
1937 350 1987 391 ut

246 414 482 470 proconsul
509 414 658 458 Asiae.

165 485 247 528 168
280 484 562 539 Saturninus,
601 485 715 526 inter
754 483 887 527 duces
926 484 1030 527 belli
1069 485 1263 528 Parthici
1293 486 1345 529 L.
1376 485 1484 529 Veri
1515 486 1698 529 [mian.
1719 499 1856 541 quom.
1888 485 1987 530 hist.

250 567 410 597 consor.
435 556 505 598 21.

165 622 247 666 169
278 622 554 677 Saturninus,
586 623 781 665 centurio
813 622 1034 677 (tribunus
1055 625 1443 680 praetorianorum,
1477 625 1643 681 origine
1664 624 1804 682 Syrus
1825 624 1987 668 Herod.

250 694 290 743 3,
318 694 383 745 11,
415 694 456 735 4.
486 691 545 746 8),
588 691 751 734 Severo
783 690 959 746 indicat,
1003 707 1029 734 a
1059 692 1288 735 Plautiano
1325 693 1583 750 imperatum
1624 694 1728 749 sibi,
1768 700 1819 738 ut
1847 695 1990 751 ipsum

249 760 459 804 Severum
500 766 543 802 et
572 759 842 804 Caracallam
886 760 1103 803 occideret
1132 761 1368 804 Herodian.
1397 765 1438 813 3,
1473 766 1540 807 11.
1570 766 1653 815 12,·
1693 778 1719 806 a
1758 762 1988 809 Caracalla

250 830 494 884 instigatus,
529 828 809 872 Plautianum
838 828 945 871 falso
976 830 1286 873 coniurationis
1317 830 1477 873 indicio
1506 832 1719 888 pervertit
1748 831 1838 875 Dio
1869 835 1934 883 76,
1957 835 1985 874 3

249 898 556 953 (interfecisset
572 898 796 953 Severum,
813 899 896 940 nisi
915 897 1080 941 auxilio
1093 899 1285 941 venisset
1296 899 1522 943 Caracalla
1530 900 1748 944 Ammian.
1759 903 1832 952 29,
1845 904 1884 952 1,
1898 901 1988 956 17).

247 967 501 1010 Honoribus
533 967 738 1022 affectus3
768 973 920 1024 postea
949 983 976 1010 a
1006 966 1235 1010 Caracalla
1264 969 1374 1010 mori
1407 968 1588 1012 adactus
1617 968 1708 1013 Dio
1739 973 1805 1021 76,
1833 973 1871 1013 6.

165 1036 247 1080 170
277 1036 583 1093 [Sa]turninus,
617 1037 662 1078 in
693 1037 823 1079 rebus
853 1037 987 1092 gestis
1016 1052 1053 1079 a.
1077 1037 1159 1079 217
1191 1043 1457 1080 memoratur
1489 1038 1579 1082 Dio
1606 1041 1674 1090 78,
1701 1041 1769 1090 19,
1790 1041 1818 1083 5
1848 1038 1989 1095 (locus

245 1107 424 1149 nimium
452 1105 639 1157 matilas,
672 1119 799 1160 quam
827 1108 877 1148 ut
904 1105 1093 1160 intelleyi
1111 1105 1282 1160 possiO,

163 1175 243 1219 171
278 1175 541 1219 Saturninus
572 1176 737 1218 amicus
769 1175 912 1230 Plinii,
946 1174 1002 1216 ad
1033 1189 1163 1231 quem
1191 1175 1228 1216 is
1259 1175 1434 1231 scripsit
1464 1190 1527 1231 ep.
1551 1179 1588 1227 7,
1613 1180 1650 1219 7.
1680 1179 1734 1220 15
1743 1190 1757 1229 ‚·
1785 1180 1825 1228 9,
1846 1179 1913 1228 38,
1947 1183 1990 1219 et

247 1259 378 1301 quem
398 1244 721 1287 commendavit
741 1244 892 1286 Prisco
914 1244 972 1288 ib.
991 1246 1027 1294 7,
1050 1246 1091 1288 8.
1111 1246 1178 1287 15.
1224 1243 1432 1287 Fortasse
1451 1244 1564 1288 idem
1583 1246 1815 1302 Pompeius
1838 1245 1986 1290 Satur-

246 1314 390 1366 ninus,
421 1313 476 1356 ad
507 1328 637 1370 quem
664 1314 839 1370 scripsit
868 1311 1037 1355 Plinius
1068 1327 1130 1367 ep.
1158 1315 1198 1363 1,
1219 1314 1260 1355 8.
1290 1315 1330 1364 5,
1352 1316 1411 1357 21
1442 1320 1486 1357 et
1516 1313 1571 1356 de
1601 1329 1687 1371 quo
1718 1315 1892 1372 scripsit
1921 1329 1986 1370 ep.

245 1386 284 1434 1,
306 1386 360 1426 16
387 1383 460 1439 (ef.
492 1396 627 1438 supra
655 1382 732 1425 sub
763 1381 871 1437 hoc).

164 1451 244 1495 172
276 1451 561 1506 Saturninus,
605 1451 854 1505 Oomensis,
898 1451 973 1508 qui
1014 1450 1195 1493 heredes
1234 1450 1412 1507 reliquit
1442 1450 1633 1494 Plinium
1666 1458 1708 1494 et
1747 1450 1988 1495 Calvisium

246 1520 410 1564 Rufum
440 1521 560 1564 Ptin.
585 1535 648 1576 ep.
668 1523 708 1572 5,
732 1524 768 1564 7.
821 1520 1030 1563 Diversus
1061 1520 1115 1562 ab
1146 1534 1193 1563 eo
1224 1521 1298 1574 qui
1319 1519 1543 1575 praecedit
1572 1519 1734 1576 (nempe
1765 1520 1987 1575 defunctus

248 1604 343 1633 eum
370 1591 557 1645 scriptae
590 1593 689 1633 simt
719 1604 780 1644 ep.
801 1593 841 1641 5,
862 1593 933 1633 21.
966 1592 1004 1640 7,
1028 1592 1056 1631 7
1078 1588 1184 1644 eet).

165 1659 245 1703 173
276 1660 540 1703 Saturninus
571 1659 798 1717 (Σατορνιλ-
826 1658 1033 1712 traditur)
1064 1658 1136 1700 vir
1167 1659 1385 1715 φιλόκαλος
1414 1660 1479 1701 καὶ
1511 1661 1772 1715 φιλάρχαιοςε
1806 1659 1844 1700 ei
1872 1658 1991 1700 dedi-

246 1729 363 1771 cavit
391 1727 654 1771 Plutarchus
684 1726 879 1770 libellum
911 1726 1005 1772 adv.
1035 1725 1209 1770 Coloten
1240 1724 1423 1779 (Moral.
1450 1741 1498 1781 p.
1526 1730 1640 1770 1107
1667 1726 1729 1770 ed.
1762 1727 1877 1782 Xyl„
1920 1726 1988 1770 VI

242 1812 292 1853 p.
312 1800 405 1841 422
433 1797 496 1842 ed.
527 1796 858 1851 Bernardalcis).

164 1867 246 1911 174
276 1900 286 1910 .
305 1900 314 1910 .
333 1900 343 1910 .
362 1900 372 1910 .
387 1873 500 1909 VIVS
523 1866 604 1921 (vel
626 1900 636 1909 .
655 1899 664 1909 .
683 1900 693 1909 .
713 1899 723 1909 .
739 1867 853 1920 VVS)
877 1871 1192 1908 SATVRNINVS
1213 1870 1610 1907 HONORATIANVS
1642 1864 1844 1907 tribunus
1875 1863 1890 1906 l
1908 1866 1985 1907 ati-

247 1936 414 1978 clavius
444 1935 674 1991 legionis?]
707 1939 735 1980 t.
763 1935 1124 1978 Lambaesitanas
1155 1934 1280 1977 VIII
1299 1936 1425 1978 2741.

176 2029 229 2035 -
275 2011 328 2049 M.
359 2011 601 2047 ACCENNA
633 2010 963 2049 SATVRNINVS.

173 2098 232 2105 ——
274 2073 429 2117 Aelius
461 2074 736 2118 Saturninus.

174 2167 233 2174 --
279 2142 493 2186 Aemilius
525 2143 802 2187 Saturninus..

174 2236 232 2243 --
275 2219 328 2256 M.
360 2219 606 2255 AEMILIVS
639 2218 967 2255 SATVRNINVS.

173 2305 233 2312 --
277 2288 331 2326 Μ.
362 2288 606 2324 AEMILIVS
637 2287 815 2324 MACER
847 2286 1178 2323 SATVRNINVS.

174 2374 232 2381 -
274 2349 439 2405 Agrius
467 2351 741 2394 Saturninus

175 2443 231 2450 -
274 2426 319 2464 L.
351 2426 588 2462 ALBINIVS
622 2424 955 2462 SATVRNINVS.

172 2512 230 2518 -
272 2495 326 2531 M.
357 2495 597 2531 ANNAEVS
629 2493 945 2531 SATVRNINVS
978 2492 1261 2529 CLODIANVS
1292 2491 1561 2527 AELIANVS.

174 2581 232 2588 -
276 2564 321 2602 L.
351 2563 605 2600 ANTONIVS
638 2562 968 2601 SATVRNINVS.

174 2651 233 2657 —
276 2632 492 2669 APONIVS
524 2632 855 2670 SATVRNINVS.

173 2719 232 2726 —-
274 2702 327 2738 M.
358 2701 572 2738 APONIVS
605 2700 935 2738 SATVRNINVS.

175 2789 234 2795 —-
279 2764 334 2818 Q.
369 2764 573 2821 Appaeus
607 2764 869 2807 Saturninus
900 2762 1199 2805 Iuventianus.

175 2857 233 2864 —-
272 2839 318 2876 L.
333 2833 391 2887 (P)
422 2839 643 2875 ARADIVS
674 2838 880 2875 ROSCIVS
912 2837 1128 2873 RVFINVS
1161 2836 1476 2873 SATVRNINVS
1508 2835 1829 2873 TIBERIANVS.

177 2927 232 2932 —
277 2909 330 2946 M.
362 2908 614 2944 AVRELIVS
648 2907 979 2944 SATVRNINVS.

175 2995 234 3002 —-
279 2970 556 3013 *AVVLVIVS
589 2976 920 3013 SATVRNINVS.

176 3064 234 3070 —
278 3039 488 3082 Claudius
520 3039 795 3082 Saturninus.

177 3133 232 3138 --
275 3114 341 3150 TI.
374 3114 623 3150 CLAVDIVS
656 3113 984 3150 SATVRNINVS.

176 3202 235 3208 --
278 3183 491 3220 CLODIVS
524 3183 852 3222 SATVRNINVS.

178 3270 237 3276 --
278 3252 322 3289 T.
356 3252 569 3289 CLODIVS
603 3251 932 3289 SATVRNINVS.

177 3338 234 3345 —
278 3314 333 3369 Q.
363 3315 527 3357 Decius
558 3314 832 3358 Saturninus.

233 3387 521 3423 Prosopographia
538 3387 624 3424 Imp.
643 3388 736 3416 Rom.
772 3387 835 3416 111.
1668 3378 1709 3414 12
