2242 3672
143 248 472 287 VOLOGAESES
1010 246 1094 290 477
1590 250 1599 262 ’
1626 251 1951 291 VOLOGAESVS

143 380 228 424 630
258 379 523 436 Vologaeses
559 379 771 438 (Ὀλαγασ-
798 383 962 425 nummi
969 396 982 434 ;
1013 387 1242 438 praeterea
1259 410 1263 414 ν
1280 398 1366 427 non
1403 384 1692 440 memoratur),
1731 399 1811 427 rex
1851 385 1953 427 Par-

231 448 406 493 thorum
435 464 473 492 a.
497 449 563 494 78.
590 449 644 492 79
674 451 847 502 nummi,
880 466 949 506 ap.
981 451 1117 507 Perey
1144 452 1346 496 Gardner
1375 453 1591 497 Parthian
1621 454 1794 509 coinaye
1814 468 1864 509 p.
1887 455 1954 503 56,

228 518 428 574 inseripti
442 517 638 576 βασιλέως
658 519 854 576 βασιλέων
872 517 1061 577 Ἀρσάκου
1080 519 1299 579 Ὀλαγάσου
1318 524 1467 566 δικαίου
1485 523 1703 580 ἐπιφάνους
1719 521 1956 580 φιλέλληνος

229 588 321 630 cusi
339 602 422 642 per
451 588 638 643 spatium
668 602 767 631 ann.
799 588 885 632 Sel.
915 592 1000 632 389
1030 604 1156 633 mens.
1182 590 1314 634 Daes.
1347 591 1405 634 ad
1433 606 1473 635 a.
1493 594 1575 634 390
1603 605 1731 634 mens.
1762 591 1952 636 intercal.

230 655 344 709 (Iun.
377 659 431 699 78
461 656 520 699 ad
548 659 796 699 autumnum
826 660 878 700 79
899 672 948 712 p.
976 657 1112 715 Chr).
1169 659 1237 714 Cf.
1265 660 1342 703 sub
1374 674 1420 703 eo
1449 661 1524 715 qui
1550 661 1749 715 sequitwr.

143 736 222 780 631
255 736 519 791 Vologaeses
560 736 769 794 (Ὀλαγασ-
808 739 971 780 nummi
978 752 991 790 ,·
1030 742 1262 793 praeterea
1296 754 1382 782 non
1420 740 1587 783 videtur
1625 741 1954 795 commemorari,

228 806 282 860 ef.
316 809 456 848 tamen
483 800 606 860 infra
633 820 675 849 n.
697 807 809 860 633),
841 821 920 848 rex
949 807 1208 849 Parthorum
1242 808 1509 865 temporibus
1540 809 1754 852 Hadriani
1780 810 1953 860 nummi,

230 889 298 930 ap.
334 874 497 918 Eehhel
529 877 568 925 3,
599 877 692 926 375,
732 874 933 918 Gardner
972 876 1187 918 Parthian
1226 878 1398 932 eoinaye
1419 893 1468 932 p.
1497 881 1571 932 56,
1618 879 1691 932 qui
1720 869 1958 933 procedunt

230 944 284 987 ab
317 958 358 987 a.
389 943 476 988 Sel.
506 947 585 986 431
616 951 681 999 (p.
711 943 811 987 Chr.
845 944 1044 999 119l120)
1075 945 1135 988 ad
1175 960 1215 988 a.
1246 949 1326 989 450
1362 960 1491 989 mens.
1521 946 1662 1002 Apelt.
1694 946 1812 1003 (Dee.
1844 946 1955 1002 138),

229 1038 287 1044 —-
325 1027 521 1056 nummus
562 1013 718 1056 similis
762 1027 884 1056 eusus
929 1029 969 1056 a.
1008 1017 1090 1057 460
1133 1029 1218 1057 non
1263 1016 1369 1057 satis
1413 1015 1538 1058 certis
1575 1016 1747 1058 testibus
1789 1016 1954 1067 nititur,

230 1083 285 1137 cf.
315 1083 580 1138 Lonyperier
610 1097 659 1137 p.
690 1085 773 1125 118
810 1085 896 1126 not.
928 1086 981 1134 2,
1021 1082 1223 1126 Gardner
1247 1098 1291 1138 p.
1322 1087 1378 1127 57
1404 1109 1463 1114 —
1497 1084 1655 1127 similes
1692 1098 1957 1127 nummorum

230 1153 319 1195 eius
353 1153 427 1207 qui
446 1152 671 1207 praecedit
698 1155 823 1206 atque
852 1152 992 1195 eodem
1021 1153 1142 1196 modo
1172 1153 1427 1208 inscriptae,
1463 1167 1633 1208 eumque
1663 1153 1792 1196 etiam
1819 1153 1958 1196 vultus

227 1222 338 1277 reyis
377 1220 485 1264 idem
525 1221 603 1272 sit,
642 1234 774 1263 unum
813 1221 1063 1276 eundemque
1108 1235 1193 1264 esse
1232 1225 1426 1273 statuunt
1473 1222 1733 1276 Lonype'rier
1773 1221 1956 1265 chronol.

200 1316 203 1319 -
229 1290 300 1334 des
331 1290 486 1334 Arsae.
517 1294 566 1345 p.
597 1292 679 1332 118
708 1303 803 1344 seq„
845 1289 1047 1333 Gardner
1075 1290 1292 1333 Parthian
1321 1291 1495 1345 coinage
1517 1305 1564 1345 p.
1596 1293 1662 1342 57,
1703 1291 1743 1333 ei
1770 1303 1872 1333 sane
1902 1291 1956 1333 ab

231 1374 272 1403 a.
304 1362 358 1403 79
389 1359 448 1402 ad
477 1374 517 1404 a.
549 1362 630 1402 119
659 1373 845 1414 parvam
876 1350 1040 1404 tantum
1069 1350 1190 1414 reyni
1219 1351 1397 1414 partem
1427 1359 1637 1402 oboedisse
1667 1373 1837 1413 eumque
1857 1359 1959 1414 plus

231 1429 444 1484 oetoyinta
482 1428 568 1479 vel,
615 1428 655 1470 si
689 1442 864 1470 numero
901 1431 983 1470 460
1017 1428 1122 1484 fides
1161 1431 1222 1470 est
1260 1428 1331 1483 (ef.
1369 1430 1542 1485 supra),
1583 1428 1687 1483 plus
1723 1428 1959 1483 nonayinta

229 1499 355 1541 annis
373 1498 527 1540 vixisse
549 1496 698 1550 (eidem
723 1498 817 1552 reyi
843 1488 1041 1539 nummos>
1064 1511 1215 1540 aeneos
1245 1489 1486 1540 attribuunt
1509 1497 1626 1539 nullo
1655 1497 1767 1552 reyis
1794 1497 1960 1539 nomine

228 1567 456 1621 inscriptos
491 1579 610 1608 cusos
630 1580 713 1620 per
744 1579 878 1608 annos
906 1568 993 1609 423
1023 1565 1082 1608 ad
1108 1568 1202 1616 439,
1236 1569 1416 1620 propter
1445 1565 1764 1608 similitudinem
1792 1564 1959 1619 vultus).

231 1635 299 1691 Of.
330 1634 582 1679 Gutsehmid
608 1634 757 1678 Geseh.
787 1635 920 1677 Irans
940 1649 989 1689 p.
1010 1638 1105 1677 137.
1137 1638 1232 1677 146.

143 1718 228 1761 632
257 1716 549 1771 Vologaesus,
593 1715 840 1759 Sanatruoii
882 1715 1018 1770 filius,
1061 1716 1106 1758 in
1145 1716 1280 1758 aciem
1321 1716 1531 1772 processit
1569 1721 1721 1758 contra
1751 1715 1959 1758 Severum

229 1786 384 1843 (neseio
413 1785 563 1840 quem),
595 1785 672 1828 sed
699 1791 934 1842 antequam
964 1784 1020 1828 ad
1050 1800 1205 1827 manus
1235 1785 1478 1839 veniretur,
1516 1784 1707 1826 indutias
1735 1785 1890 1841 petivit
1920 1791 1962 1826 et

229 1854 501 1911 impetravitz,
544 1854 583 1895 ei
624 1868 713 1909 pax
743 1859 787 1895 et
816 1854 995 1909 insuper
1024 1868 1125 1909 pars
1156 1852 1392 1895 Armeniae
1422 1867 1625 1894 concessa
1654 1851 1742 1894 Dio
1774 1855 1837 1907 75,
1870 1855 1908 1902 9,
1935 1855 1961 1894 6

229 1939 313 1967 exe.
347 1923 397 1966 de
427 1923 502 1978 leq.
536 1923 838 1978 (fraymentum
867 1922 1136 1965 inserendum
1173 1921 1379 1964 historiae
1423 1922 1607 1964 Traiani
1638 1921 1701 1963 vel
1740 1920 1963 1963 Hadriani

228 1995 340 2036 inter
379 2007 418 2034 a.
458 1993 699 2045 115—135,
748 1991 802 2045 ef.
841 1990 1095 2033 Boissevain
1135 1991 1281 2033 Herm.
1321 1993 1399 2041 25,
1430 1994 1514 2032 330
1543 2004 1650 2044 seq„
1692 1991 1790 2032 item
1828 2004 1961 2045 supra

231 2062 267 2106 S
304 2065 411 2112 129,
458 2061 511 2103 ab
552 2060 786 2103 editoribus
824 2060 1028 2102 insertum
1066 2060 1271 2102 historiae
1312 2059 1412 2102 belli
1450 2059 1650 2102 Parthici
1688 2074 1715 2101 a
1756 2059 1962 2114 Septimio

232 2132 384 2175 Severo
421 2130 558 2185 yesti).
630 2128 762 2183 Vulyo
801 2128 988 2170 ereditur
1029 2128 1283 2183 Voloyaesus
1311 2143 1387 2171 rex
1417 2128 1680 2170 Parthorum
1710 2128 1962 2182 temporibus

231 2199 431 2255 Septimii
461 2198 618 2248 Severi,
653 2212 680 2239 a
714 2197 906 2239 Vaillant
934 2197 1090 2239 Arsac.
1116 2212 1164 2251 p.
1188 2200 1282 2242 370.
1304 2201 1386 2240 403
1417 2211 1494 2240 rex
1511 2197 1754 2247 Armeniae,
1785 2211 1904 2250 quem
1935 2211 1962 2238 a

230 2267 467 2313 Caracalla
506 2266 600 2310 dolo
641 2269 857 2309 evocatum
893 2279 978 2308 esse
1007 2269 1165 2308 narrat
1193 2265 1282 2309 Dio
1315 2269 1379 2321 77,
1413 2270 1472 2310 12
1500 2267 1667 2309 nomine
1694 2280 1780 2308 non
1806 2266 1960 2319 posito.

227 2337 433 2381 Fortasse
462 2336 501 2378 is
531 2336 606 2390 qui
632 2336 834 2389 sequitur.

141 2419 226 2462 633
255 2417 535 2472 Vologaesus,
566 2416 729 2459 Alanos
761 2417 838 2471 (sie
868 2416 1072 2468 traditur,
1104 2417 1156 2470 ef'.
1187 2416 1439 2459 Boissevain
1465 2416 1611 2460 Herm.
1643 2420 1712 2470 25,
1743 2417 1850 2471 337),
1885 2417 1957 2472 qui

228 2487 420 2530 Mediam
459 2485 731 2543 depopulati,
776 2485 1029 2528 Armeniam
1071 2500 1244 2542 quoque
1279 2492 1321 2528 et
1352 2485 1673 2542 Cappadociam
1713 2485 1956 2538 attigerant,

229 2557 354 2599 donis
384 2555 565 2612 pellexit
594 2562 642 2598 ut
672 2555 941 2608 desisterent,
976 2555 1056 2597 sub
1084 2554 1310 2597 Hadriano
1338 2569 1452 2596 anno
1477 2555 1557 2596 135
1589 2553 1657 2595 vel
1688 2552 1833 2609 paullo
1864 2559 1961 2609 post

228 2625 318 2668 Dio
347 2628 413 2675 69,
445 2626 498 2667 15
528 2624 696 2679 (Xiph,
737 2624 837 2666 item
869 2637 954 2668 exe.
988 2623 1037 2666 de
1068 2623 1167 2678 leq„
1211 2625 1265 2677 ef.
1297 2623 1550 2665 Boissevain
1580 2621 1726 2665 Herm.
1755 2623 1825 2671 25,
1856 2624 1960 2672 331;

229 2709 279 2737 ex
307 2693 439 2749 Xiph.
473 2693 631 2736 Zonar.
663 2696 728 2743 11,
759 2696 837 2743 24,
878 2693 955 2735 ubi
995 2695 1135 2735 tamen
1175 2692 1416 2747 Voloyaesis
1453 2697 1615 2734 nomen
1640 2704 1725 2732 non
1749 2690 1958 2744 ponitur).

232 2763 570 2806 Pharasmanem
592 2763 757 2817 (regem
779 2760 1062 2815 Hiberorum)
1085 2776 1163 2818 per
1192 2761 1357 2815 legatos
1384 2759 1501 2817 apud
1531 2759 1804 2802 Hadrianum
1835 2772 1958 2799 aecu-

233 2833 346 2874 savit
373 2831 463 2874 Dio
494 2831 521 2874 l.
553 2845 586 2874 e.
619 2831 721 2887 (exc.
750 2830 800 2873 de
831 2830 940 2885 leym).
987 2830 1243 2884 Plerumque
1264 2833 1451 2884 putatur
1479 2843 1555 2871 rex
1582 2826 1841 2870 Parthorum
1873 2826 1961 2867 eius

228 2901 413 2944 nominis
463 2901 536 2955 qui
582 2900 667 2954 fuit
716 2899 943 2943 Hadriani
989 2899 1246 2954 temporibus
1297 2906 1445 2954 (supra
1483 2912 1525 2939 n.
1566 2895 1684 2950 631),·
1737 2895 1810 2937 sed
1851 2897 1960 2936 reete

227 2969 409 3023 fortasse
450 2968 682 3012 Armeniae
730 2983 868 3024 reyem
917 2982 1010 3011 eum
1054 2968 1187 3021 fuisse
1231 2967 1383 3010 statuit
1423 2964 1674 3009 Gutsehmid
1716 2962 1959 3006 Geschichte

232 3037 362 3079 Irans
384 3052 433 3091 p.
455 3040 549 3080 147.

147 3118 232 3161 634
262 3116 547 3172 Vologaesus,
581 3132 665 3159 non
698 3118 750 3172 ei,
783 3116 858 3159 sed
889 3116 1102 3160 Sohaemo
1134 3130 1318 3171 regnum
1338 3114 1569 3157 Armeniae
1601 3112 1720 3154 dedit
1746 3112 1795 3153 L.
1817 3110 1959 3152 Verus

231 3185 399 3228 Fronto
429 3200 492 3241 ep.
526 3186 585 3228 ad
611 3186 762 3229 Verwm
783 3201 834 3241 p.
853 3189 942 3229 127
972 3185 1086 3227 Nab.
1138 3184 1343 3227 Fortasse
1372 3184 1410 3225 is
1438 3196 1558 3236 quem
1587 3181 1720 3235 factio
1751 3178 1960 3220 Parthica

231 3269 368 3309 reyem
387 3254 565 3297 volebat.
612 3255 757 3298 Moses
784 3254 1062 3297 Chorenensis
1092 3253 1364 3308 Voloyaesum
1390 3265 1527 3305 reclem
1546 3248 1777 3291 Armeniae
1797 3246 1959 3290 nullum

230 3324 368 3377 novit,
411 3323 527 3367 novit
566 3338 616 3368 ex
648 3323 900 3367 Bardesane
913 3356 923 3375 ‚
963 3325 1011 3365 ut
1052 3322 1136 3373 ait,
1176 3335 1313 3378 reyem
1341 3319 1572 3362 Armeniae
1603 3316 1821 3359 Valarsem
1849 3315 1962 3371 quod
