2242 3672
146 258 410 296 VIPSANIVS
1015 255 1095 298 441
1701 259 1936 296 VIPSANIV
1939 260 1963 296 S

233 390 339 433 cello
378 389 620 448 Mytilenen
661 390 823 432 secedit
862 390 951 433 Dio
986 394 1052 442 53,
1083 393 1152 443 32,
1193 392 1307 436 Suet.
1338 392 1451 448 Any.
1484 395 1537 436 66
1581 392 1672 436 Tib.
1703 395 1769 443 10,
1821 391 1962 435 Vellei.

232 463 276 510 2,
298 463 364 511 93,
402 460 502 503 Tae.
523 473 563 504 a.
583 462 649 510 14,
670 461 744 502 53.
763 461 829 510 55,
862 459 975 502 Ptin.
1009 460 1049 502 h.
1077 475 1118 505 n.
1144 464 1180 511 7,
1202 465 1295 511 149,
1327 461 1492 516 Ioseph.
1525 461 1552 506 l.
1581 475 1615 504 e.
1647 460 1886 518 (Mytilenis
1916 467 1966 503 ut

232 530 386 586 κτίστης
413 527 533 570 urbis
565 527 807 570 celebratus
840 526 906 570 01
908 527 961 570 G.
992 530 1135 583 2176).
1196 530 1248 573 A.
1282 531 1364 573 733
1409 531 1642 573 arcessitus
1680 530 1736 572 ab
1766 529 1964 584 Augusto

233 598 280 639 in
319 596 532 651 Siciliam,
577 597 759 639 Romam
799 596 1008 664 mittitgrl,
1058 598 1313 654 cogiturque
1349 598 1528 641 dimissa
1563 597 1771 641 Marcella
1808 597 1962 640 Iuliam

233 665 395 708 ducere
441 680 623 708 uxorem
661 664 751 707 Dio
789 666 855 718 54,
891 667 940 720 6,
958 644 1135 716 (Zonar.
1176 669 1245 717 10,
1288 670 1372 718 34),
1417 667 1530 710 Suet.
1572 666 1684 722 Any.
1725 669 1799 718 63,
1844 666 1962 710 Plut.

218 734 390 778 'Anton
421 737 490 786 87,
542 733 642 778 Vell.
673 736 716 784 2,
751 736 806 776 93
846 733 901 787 ef.
949 733 1047 776 Tae.
1080 748 1119 776 a.
1151 737 1200 785 1,
1233 738 1272 777 3.
1303 739 1342 786 4,
1373 739 1450 790 40,
1490 735 1531 779 h.
1562 739 1602 787 1,
1634 738 1701 780 15.
1761 735 1964 790 (Maritus

229 802 367 846 Iuliae
398 805 426 848 t.
448 802 602 846 Delius
633 802 732 845 bull.
766 801 815 844 de
843 815 949 845 corr.
974 801 1070 846 hell.
1092 805 1133 856 2,
1166 805 1277 845 1878
1298 818 1346 858 p.
1367 807 1461 854 399,
1495 803 1690 858 Paphias
1711 803 1973 858 joarnal‘of

231 871 379 916 hellen.
420 871 580 914 studies
610 874 648 921 9,
691 872 803 913 1888
832 884 880 925 p.
913 872 1012 913 243.
1072 870 1288 925 Imayines
1327 872 1417 914 eins
1455 875 1495 914 et
1533 872 1675 914 Iuliae
1712 873 1759 915 in
1797 886 1964 915 nwmmo

231 939 432 995 Ephesio,
455 954 525 995 αζρ.
548 940 748 982 Mionnet
766 938 904 994 suppl.
928 938 997 982 VI
1008 942 1105 990 126,
1127 942 1219 983 322
1238 939 1311 995 [ex
1332 940 1560 996 Sestinio];
1591 942 1742 983 statuis
1764 941 1964 984 honorati

234 1010 327 1067 ipse
369 1016 412 1052 et
452 1008 564 1052 Iulia
606 1008 718 1052 Sesti
761 1008 860 1053 bull.
899 1007 948 1051 de
991 1022 1099 1052 corr.
1135 1007 1230 1051 hell.
1260 1012 1287 1050 4
1320 1024 1366 1063 p.
1394 1009 1505 1064 517.)
1566 1009 1727 1053 Curam
1765 1010 1886 1054 urbis
1926 1011 1963 1052 ei

236 1079 464 1121 committit
495 1078 719 1131 Augustus
750 1076 842 1119 Dio
869 1078 935 1127 54,
967 1079 1005 1119 6.
1036 1079 1102 1119 11.
1162 1076 1216 1119 A.
1249 1077 1331 1120 735
1362 1077 1510 1120 turbas
1545 1080 1590 1120 in
1618 1077 1762 1122 Gallia
1792 1086 1965 1121 exortas

236 1147 417 1199 sedavit,
439 1149 485 1190 in
506 1147 723 1203 Hispania
739 1145 982 1189 Cantabros
1004 1145 1171 1188 domuit
1190 1144 1279 1188 Dio
1299 1148 1365 1197 54,
1382 1150 1435 1188 11
1443 1160 1457 1198 ;
1478 1146 1634 1191 Horat.
1657 1161 1718 1201 ep.
1741 1151 1780 1198 1,
1797 1151 1868 1198 12,
1886 1150 1945 1191 26
1954 1161 1967 1199 ;

234 1217 289 1272 ef.
317 1216 418 1261 Vell.
440 1220 482 1267 2,
504 1219 582 1267 90‚·
610 1215 774 1258 Floras
793 1218 836 1266 2,
858 1218 913 1257 33
934 1215 1024 1271 (qai
1041 1229 1130 1257 rem
1150 1215 1311 1268 referre
1331 1215 1494 1257 videtur
1516 1219 1572 1257 ad
1601 1230 1640 1260 a.
1663 1218 1749 1260 728
1767 1215 1830 1258 vel
1852 1216 1965 1271 729).

236 1285 527 1342 Triumphum
557 1291 731 1327 recusat
757 1284 847 1327 Dio
878 1284 906 1327 l.
939 1298 971 1327 e.
1030 1283 1084 1327 A.
1109 1284 1192 1327 736
1223 1283 1495 1326 tribuniciam
1526 1291 1782 1341 potestatem
1812 1285 1968 1342 accipit

235 1356 280 1397 iu
310 1354 658 1412 quinquennium
690 1353 780 1396 Dio
809 1356 876 1404 54,
898 1356 982 1405 12,·
1012 1354 1066 1407 ef.
1100 1352 1201 1398 Vell.
1222 1355 1266 1404 2,
1289 1356 1354 1404 90,
1393 1353 1491 1395 Tae.
1524 1367 1562 1396 a.
1594 1356 1633 1404 3,
1661 1357 1715 1397 56
1747 1353 1966 1407 (tribunus

234 1423 348 1482 plebi
371 1423 663 1481 quietissimus
681 1422 897 1467 Ps.-Serv.
921 1421 979 1465 ad
998 1422 1117 1478 Very.
1138 1422 1246 1465 Aen.
1270 1424 1311 1474 8,
1334 1424 1449 1476 682).
1481 1421 1735 1464 Tribunicia
1756 1428 1967 1479 potestate

233 1496 333 1536 aeta
368 1492 454 1535 lad.
494 1506 603 1535 saee.
633 1506 670 1536 v.
701 1495 779 1543 53;
813 1491 903 1535 III
923 1494 1017 1535 494.
1046 1490 1127 1534 ΙΧ
1153 1494 1276 1534 3150.
1306 1494 1426 1545 3913,
1460 1490 1557 1535 trib.
1589 1497 1676 1547 pot.
1707 1491 1776 1533 III
1805 1491 1867 1534 II
1888 1494 1968 1533 474

234 1562 337 1618 (kae
367 1562 586 1617 pertinent
625 1562 753 1604 etiam
791 1561 956 1604 nummi
995 1561 1087 1603 ensi
1110 1575 1139 1602 a
1170 1559 1214 1604 G.
1248 1560 1440 1614 Sulpicio
1469 1559 1709 1611 Platorino‚
1752 1560 1806 1614 ef.
1838 1573 1968 1614 supra

235 1631 273 1675 S
301 1630 414 1686 728).
473 1630 528 1675 Α.
559 1630 640 1673 737
682 1645 771 1672 una
810 1644 910 1672 cum
945 1629 1146 1684 Augusto
1189 1628 1316 1671 ludos
1356 1627 1598 1671 saeculares
1629 1629 1803 1685 quintos
1834 1628 1970 1671 edidit

234 1703 315 1743 aet.
347 1699 432 1743 lud.
453 1713 588 1751 saee.,·
616 1713 727 1742 mon.
748 1698 909 1754 Aneyr.
929 1702 969 1750 4,
989 1701 1068 1750 36,·
1099 1697 1352 1741 Censorinus
1380 1701 1447 1748 17,
1469 1701 1535 1742 11.
1584 1698 1656 1752 (A.
1680 1697 1781 1752 738)
1813 1698 1970 1740 iterum

234 1769 418 1811 mittitur
448 1769 493 1810 in
529 1769 843 1811 transmarinas
876 1768 1123 1825 provincias
1154 1766 1244 1810 Dio
1273 1769 1338 1817 54,
1371 1769 1437 1818 19,
1469 1766 1635 1821 Ioseph.
1668 1769 1755 1808 ant.
1777 1769 1842 1817 16,
1863 1769 1906 1816 2,
1929 1769 1968 1808 1.

233 1838 440 1881 Iudaeam
479 1837 572 1880 adit
601 1838 658 1893 (a.
690 1838 791 1893 739)
822 1836 988 1892 Ioseph.
1020 1839 1086 1887 16,
1118 1839 1162 1887 2,
1195 1839 1244 1887 1;
1282 1834 1411 1878 Philo
1446 1835 1522 1890 leq.
1561 1834 1619 1878 ad
1654 1834 1813 1877 Gaiam
1853 1848 1886 1878 e.
1915 1837 1972 1877 37

237 1905 315 1959 (ΙΙ
328 1921 377 1962 p.
398 1909 481 1950 589
509 1906 728 1962 Manyey).
779 1907 991 1962 Berytum
1022 1905 1132 1948 duas
1162 1904 1353 1960 legiones
1386 1904 1563 1947 deducit
1584 1903 1743 1947 Strabo
1764 1907 1828 1954 16,
1852 1907 1895 1954 2,
1916 1906 1970 1946 19

232 1990 280 2031 p.
313 1979 393 2020 756
423 1976 495 2032 (ef.
524 1976 683 2019 Euseb.
715 1975 858 2018 chron.
898 1975 957 2018 ad
995 1989 1034 2017 a.
1067 1978 1182 2018 2001
1221 1973 1286 2016 vel
1321 1976 1470 2031 2003).
1530 1973 1581 2016 A.
1616 1973 1698 2016 740
1740 1972 1888 2015 turbas
1927 1973 1971 2013 in

237 2032 430 2102 Bosporo
471 2045 704 2088 Cimmerio
751 2052 925 2087 exortas
970 2044 1163 2101 Sinopen
1210 2057 1466 2100 progressus
1509 2049 1635 2098 pacat
1674 2041 1839 2096 Ioseph.
1882 2044 1968 2083 ant.

235 2116 300 2164 16,
332 2117 375 2169 2,
407 2117 450 2165 2,
483 2113 571 2156 Dio
599 2116 666 2164 54,
695 2117 775 2165 24,
812 2113 970 2171 Easeb.
1003 2113 1144 2155 chron.
1177 2112 1441 2168 (Hieronym.
1469 2110 1527 2153 ad
1555 2126 1594 2154 a.
1626 2114 1765 2161 2003,
1796 2110 1969 2153 Armen.

237 2182 296 2225 ad
323 2197 362 2225 a.
383 2182 532 2237 2002),
564 2182 684 2226 Oros.
707 2185 745 2233 6,
768 2185 837 2233 21,
859 2185 899 2225 8.
953 2181 1242 2238 Triumphum
1274 2187 1446 2223 recusat
1474 2179 1563 2222 Dio
1594 2179 1620 2223 l.
1648 2193 1682 2222 e.
1726 2178 1969 2232 Iliensibus,

236 2252 352 2310 quod
375 2251 512 2294 Iuliae
534 2254 661 2294 uxori
683 2253 775 2294 eius
797 2251 1040 2308 periculum
1072 2252 1115 2292 in
1144 2251 1299 2292 itinere
1331 2249 1507 2292 adeunti
1538 2264 1625 2290 non
1656 2247 1969 2301 subvenissent,

236 2321 418 2363 multam
453 2319 613 2375 infligit
648 2319 789 2362 Nicol.
820 2319 1025 2363 Damaso.
1060 2320 1118 2374 fr.
1148 2323 1176 2361 3
1211 2320 1284 2374 (fr.
1330 2319 1426 2360 hist.
1467 2318 1556 2360 ΙΙΙ
1579 2332 1629 2372 p.
1659 2319 1741 2359 350
1768 2315 1972 2371 Mallem,-

235 2391 288 2444 ef.
325 2389 489 2444 Ioseph.
529 2392 616 2432 ant.
648 2393 713 2441 16,
746 2393 790 2440 2,
822 2393 866 2433 2.
926 2389 1100 2432 Iudaeis
1144 2387 1374 2446 privilegia
1414 2387 1642 2429 confirmat
1683 2385 1850 2440 Ioseph.
1882 2388 1969 2428 ant.

236 2462 301 2510 16,
321 2461 364 2509 2,
386 2460 500 2510 3-5;
529 2461 594 2509 16,
616 2461 654 2509 6,
678 2462 717 2502 4.
738 2460 778 2502 5.
838 2460 1018 2501 Romam
1043 2458 1157 2500 redit
1183 2473 1220 2499 a.
1252 2458 1328 2501 741
1364 2456 1454 2498 Dio
1482 2459 1551 2506 54,
1584 2458 1654 2509 28,
1693 2469 1791 2496 cum
1821 2453 1969 2496 Asiam

239 2543 315 2585 per
345 2527 495 2569 decem
525 2542 661 2570 annos
693 2529 880 2570 rexisset
899 2527 1067 2582 Ioseph.
1090 2530 1177 2569 ant.
1200 2530 1265 2577 16,
1285 2529 1324 2577 3,
1346 2529 1373 2567 3
1403 2525 1557 2581 (decem
1583 2537 1717 2567 annos
1736 2522 1973 2577 computari

235 2600 415 2652 apparet
438 2611 466 2639 a
476 2597 744 2651 profectione
762 2597 1011 2651 Mytilenas,
1035 2597 1088 2651 ef.
1109 2596 1346 2638 Mommsen
1364 2608 1471 2636 mon.
1493 2594 1652 2648 Aneyr.
1676 2593 1736 2635 ed.
1751 2596 1842 2646 21⁹·
1859 2590 1968 2645 163).

240 2666 292 2709 A.
316 2667 393 2708 741
432 2666 706 2709 tribuniciam
740 2673 994 2723 potestatem
1032 2666 1074 2706 in
1108 2665 1290 2707 alterum
1324 2664 1668 2720 quinquennium
1699 2661 1855 2717 accipit
1884 2659 1971 2701 Dio

236 2737 303 2786 54,
334 2737 393 2778 28
431 2735 566 2791 ([trib.
598 2735 826 2791 potesta]te
858 2736 922 2778 VI
951 2734 1078 2777 XIV
1097 2736 1227 2784 2230,
1269 2733 1310 2775 si
1346 2746 1441 2775 vere
1474 2731 1697 2785 Agrippae
1727 2730 1824 2783 est),
1870 2729 1971 2769 item

239 2805 468 2860 imperium
501 2819 676 2860 quoquo
707 2804 885 2846 adiisset
912 2804 1050 2853 maius
1088 2818 1216 2860 quam
1260 2803 1288 2844 ii
1329 2802 1403 2858 qui
1445 2800 1690 2857 provincias
1730 2798 1973 2840 obtinerent

236 2871 325 2915 Dio
357 2871 382 2916 l.
410 2886 443 2915 e.
476 2872 541 2928 (id
577 2873 646 2915 ias
681 2887 766 2916 non
806 2876 895 2915 tam
921 2873 1113 2927 primam
1153 2873 1193 2914 ei
1232 2871 1440 2913 decretam
1471 2882 1557 2911 esse
1577 2871 1708 2922 putat
1738 2867 1972 2908 Mommsen

240 2941 427 2984 Staatsr.
448 2941 530 2983 ΙΙ8
553 2955 601 2995 p.
623 2944 730 2984 1151
759 2945 844 2984 not.
868 2945 907 2992 5,
940 2944 1046 2984 1157
1074 2944 1158 2983 not.
1189 2940 1245 2994 3).
1301 2940 1354 2982 In
1386 2939 1654 2981 Pannoniam
1688 2935 1972 2992 proficiscitur

241 3010 382 3051 hieme
419 3025 457 3052 a.
491 3010 618 3054 741l2
658 3010 747 3053 Dio
788 3010 814 3055 l.
858 3024 890 3053 e.
934 3011 988 3064 ef.
1030 3008 1170 3053 Vellei.
1207 3012 1251 3058 2,
1288 3011 1353 3058 96,
1394 3022 1495 3048 mox
1534 3005 1645 3046 redit
1673 3003 1760 3045 Dio
1794 3003 1818 3045 l.
1851 3016 1884 3044 e.
1915 3026 1972 3030 —

244 3078 468 3135 Supremis
499 3079 589 3121 suis
619 3079 746 3121 annis
766 3079 1040 3121 conflictatus
1065 3079 1189 3132 gravi
1215 3076 1366 3118 morbo
1388 3074 1544 3131 pedum
1567 3072 1684 3115 Ptin.
1705 3071 1744 3114 h.
1766 3086 1804 3115 n.
1828 3074 1898 3121 23,
1918 3072 1973 3112 58

241 3148 295 3201 Cf·
328 3150 367 3198 72
397 3150 463 3190 45.
504 3173 563 3178 —
602 3148 654 3191 A.
688 3149 770 3192 742
810 3149 854 3190 in
883 3148 1123 3203 Campania
1159 3146 1344 3188 decessit
1383 3159 1438 3186 ex
1478 3142 1649 3195 morbo,
1692 3139 1834 3196 paullo
1876 3145 1974 3196 post

238 3217 540 3273 Quinquatrus
571 3219 776 3271 (exeunte
807 3232 939 3259 mens,
967 3216 1115 3270 Mart.)
1146 3215 1236 3257 Dio
1259 3217 1326 3267 54,
1350 3215 1409 3256 28
1439 3210 1614 3263 (Zonar.
1637 3212 1703 3259 10,
1725 3211 1808 3258 34).
1859 3207 1972 3251 Ossa

242 3284 377 3328 inlata
416 3285 634 3328 mausoleo
672 3286 861 3341 Augusti
893 3285 981 3327 Dio
1009 3284 1034 3328 l.
1068 3297 1127 3335 e.,·
1167 3282 1318 3325 consol.
1360 3281 1417 3323 ad
1456 3279 1624 3321 Liviam
1662 3291 1699 3321 υ.
1731 3280 1796 3318 67.
1858 3276 1971 3319 Ludi

242 3354 490 3409 gladiatorii
526 3355 572 3396 in
603 3355 810 3398 honorem
840 3355 1073 3396 memoriae
1105 3353 1196 3394 eius
1228 3351 1330 3393 editi
1361 3366 1398 3391 a.
1432 3348 1511 3390 747
1544 3346 1631 3388 Dio
1657 3348 1724 3396 55,
1755 3348 1795 3387 8.
