2242 3672
255 268 538 304 TERENTIVS
1115 259 1198 300 302
1773 265 2059 302 TERENTIVS

340 406 367 446 t.
389 406 414 444 1
443 402 611 456 (censor
642 403 668 443 t.
689 400 751 453 2),
786 400 915 440 ‘intra
936 413 1013 439 sex
1032 396 1183 440 lustra'
1218 398 1244 441 i.
1268 412 1302 440 e.
1335 396 1525 439 nondum
1559 397 1738 451 triginta
1766 411 1901 440 annos
1931 402 2059 439 natus

339 475 365 514 t.
388 474 431 514 2.
477 471 689 512 Patronus
722 467 913 509 coloniae
945 466 1317 521 Sarmizegetusae
1347 467 1391 508 in
1413 466 1553 508 Dacia
1577 469 1604 509 t.
1627 469 1666 511 1.
1712 466 1935 521 (Legatum
1954 479 2059 520 pro-

337 540 498 581 vinciae
527 537 694 580 Daciae
725 550 817 578 euin
846 536 978 589 fuisse
1006 549 1270 589 nequaquam
1301 534 1446 589 colliyi
1474 538 1615 590 potest
1644 549 1695 577 ex
1725 538 1751 578 t.
1785 539 1821 577 1.
1852 539 1894 578 2.
1959 534 2060 577 Non

337 608 394 649 ad
411 607 519 649 leuno
538 605 774 648 Terentium
780 604 970 658 pertinet
989 607 1016 646 t.
1034 603 1223 648 Dacicus
1238 603 1476 659 1111128).
1508 604 1561 646 Εἰ
1577 604 1796 660 rescripsit
1807 603 2059 646 Hadrianus

335 691 361 717 a
409 676 487 718 119
526 675 740 728 Ulpianus
771 673 879 715 libro
908 672 984 715 IX
1012 673 1060 715 de
1091 674 1233 728 officio
1255 673 1526 728 proconsulis
1556 673 1663 729 (coll.
1694 672 1769 727 ley.
1800 672 1911 717 Mos.
1933 672 2056 715 Rom.

338 747 398 794 13,
421 747 460 793 3,
483 746 539 799 1).
587 742 837 785 Hadrianus
858 742 962 795 (iam
986 742 1145 797 senior)
1177 757 1274 784 eum
1306 743 1350 784 in
1381 757 1549 784 summa
1579 741 1863 783 detestatione
1891 739 2056 791 habuit,

332 813 585 868 praesertim
617 826 715 854 cum
747 827 772 854 a
807 818 957 854 senatu
987 826 1086 854 eum
1117 810 1239 866 diligi
1269 811 1439 853 videret
1467 811 1538 853 vit.
1570 810 1710 853 Hadr.
1741 813 1815 860 23,
1845 811 1885 852 5.

252 893 304 934 57
335 899 379 934 L.
412 898 697 934 TERENTIVS
737 897 1008 934 HOMVLLVS
1051 898 1228 934 IVNIOR
1264 891 1314 936 L.
1347 891 1396 944 f,
1437 890 1606 945 legatus
1642 890 1824 945 legionis
1854 889 1937 944 leg.
1969 888 2058 932 VII

334 960 543 1003 Geminae
584 959 741 1002 Felicis
781 963 810 1002 t.
841 960 1116 1014 Leyionensis
1146 961 1208 1002 II
1228 963 1337 1003 5084
1377 960 1576 1015 (scripius
1609 962 1657 1001 ut
1687 961 1820 1013 putat
1855 957 2058 1001 Huebner

334 1029 358 1073 l.
391 1043 423 1072 c.
438 1063 447 1080 ,
490 1029 625 1072 medio
663 1030 752 1083 fere
781 1029 960 1071 secundo
998 1029 1196 1084 saeculo).
1256 1028 1483 1079 Fortasse,
1524 1030 1572 1071 ut
1607 1028 1783 1070 coniecit
1820 1025 2058 1068 Mommsen
2215 1086 2218 1087 ⁷

330 1098 420 1152 eph.
440 1101 466 1141 5
486 1113 534 1153 p.
558 1099 637 1140 615
661 1118 717 1133 =
746 1098 835 1140 III
858 1097 903 1142 S.
932 1112 981 1152 p.
1003 1100 1126 1152 1962,
1158 1097 1274 1153 silius
1309 1098 1496 1141 Terentii
1525 1097 1752 1140 Strabonis
1780 1095 1938 1139 Erucii
1965 1093 2056 1137 Ho-
2106 1043 2158 1155 f

328 1167 451 1209 mulli
489 1167 669 1210 consulis
709 1182 748 1211 a.
778 1170 854 1218 83,
896 1170 1005 1210 certe
1034 1167 1263 1222 parentela
1302 1181 1395 1210 curn
1434 1181 1481 1209 eo
1522 1167 1787 1216 coniunctus,
1828 1164 1928 1207 item
1962 1176 2056 1206 cuan

330 1236 522 1279 Terentio
552 1236 727 1279 Iuniore
757 1236 879 1290 infra
907 1250 949 1279 n.
978 1238 1046 1281 58.

242 1328 299 1333 -
330 1310 372 1354 Q.
406 1309 590 1347 RANIVS
622 1310 907 1349 TERENTIVS
938 1310 1332 1347 HONORATIANVS
1362 1309 1563 1346 FESTVS.

244 1384 297 1426 58
330 1383 376 1426 O.
409 1385 637 1427 Terentius
677 1385 826 1427 Iunior
865 1385 943 1438 (sio
972 1385 1053 1428 XI
1075 1387 1194 1436 1947,
1226 1385 1457 1427 Terentius
1492 1384 1644 1427 Iunior
1669 1374 1883 1440 Plinsep.
1916 1387 1952 1440 7,
1983 1386 2055 1434 25,

327 1453 477 1495 Iunior
506 1453 562 1498 ib.
593 1457 633 1505 8,
655 1457 719 1505 15,
751 1454 850 1497 item
868 1458 906 1506 9,
929 1457 996 1505 12,
1028 1455 1106 1497 ubi
1133 1468 1236 1497 sane
1266 1455 1447 1509 optimus
1477 1453 1606 1496 coelen
1634 1453 1816 1507 Iunius),
1848 1454 2056 1510 equestri-

330 1521 410 1564 bus
446 1522 607 1565 militiis
648 1522 822 1566 functus
853 1523 973 1566 Plin.
1006 1538 1068 1578 ep.
1100 1526 1138 1574 7,
1169 1526 1239 1574 25,
1270 1527 1314 1567 2.
1374 1523 1638 1565 Procurator
1669 1523 1920 1578 provinciae
1949 1522 2057 1565 Nar-

329 1589 529 1633 bonensis
573 1592 630 1635 ib.
705 1592 879 1635 Deinde
924 1593 968 1634 in
1012 1607 1140 1647 agros
1184 1607 1284 1635 suos
1330 1607 1375 1634 se
1419 1592 1583 1648 recepit
1624 1591 1682 1634 ib.
1752 1591 1913 1646 (Huius
1947 1593 2056 1646 puto

329 1657 378 1701 O.
410 1659 584 1702 Terenti
625 1661 813 1703 Iunioris
853 1660 1014 1703 fundus
1055 1660 1211 1715 aliquis
1247 1664 1506 1703 memoratur
1534 1659 1615 1703 XI
1637 1663 1757 1711 1947,
1795 1659 1870 1714 qui
1898 1658 2056 1713 fundus

327 1727 492 1770 violetur
513 1729 771 1782 pertinuisse
801 1728 861 1771 ad
893 1729 1153 1771 territorium
1174 1728 1461 1783 Perusinum).
1502 1727 1696 1783 Diligens
1726 1727 1917 1783 agricola
1936 1727 2052 1771 Plin.
2119 1772 2122 1775 Α

328 1810 389 1849 ep.
413 1795 437 1837 l.
461 1810 493 1838 c.
526 1798 579 1850 cf.
602 1799 641 1847 8,
664 1799 728 1851 15,
758 1797 871 1839 idem
902 1797 1028 1839 homo
1066 1797 1380 1840 eruditissimus
1411 1812 1472 1852 ep.
1503 1800 1543 1848 7,
1573 1799 1642 1852 25,
1673 1800 1702 1839 3
1719 1805 1801 1851 seq'.
1861 1795 2054 1840 Plinium

327 1864 441 1920 apud
472 1880 517 1907 se
546 1865 731 1921 hospitio
763 1867 927 1922 recepit
955 1866 1012 1909 ib.
1054 1866 1125 1909 Ad
1156 1881 1256 1909 eum
1287 1867 1459 1922 scripsit
1489 1865 1656 1908 Plinius
1687 1880 1749 1920 ep.
1770 1868 1810 1916 8,
1832 1867 1897 1909 15.
1918 1868 1956 1917 9,
1979 1869 2050 1920 12,
2231 1862 2242 1922 ξ

325 1932 457 1975 libros
498 1934 535 1975 ei
580 1935 710 1976 mittit
750 1937 790 1985 8,
828 1938 903 1986 15,
951 1941 1096 1977 monet
1134 1950 1188 1977 ne
1227 1935 1364 1978 filium
1405 1936 1600 1977 severius
1637 1933 1797 1977 habeat
1834 1937 1874 1985 9,
1905 1937 1975 1986 12,
2006 1938 2050 1979 2.
2232 1928 2242 1962 1?

331 2001 544 2044 Incertum
573 2016 656 2056 qua
678 2003 905 2057 parentela
938 2004 1182 2046 coniunctus
1212 2017 1305 2046 euni
1331 2004 1382 2047 L.
1406 2003 1603 2046 Terentio
1631 2002 1833 2045 Homullo
1863 2002 2049 2046 Iuniore.

242 2080 296 2122 59
326 2080 554 2124 Terentius
586 2083 818 2137 Lentinus,
852 2098 983 2140 eques
1014 2086 1253 2137 Pomanus,
1291 2099 1380 2126 una
1418 2099 1515 2126 cum
1552 2083 1648 2125 aliis
1689 2083 1882 2125 Domitio
1912 2082 2050 2126 Balbo
2218 2061 2242 2143 j}

320 2155 621 2193 testamentum
639 2151 795 2194 falsum
812 2153 1026 2207 subdidit3
1048 2168 1086 2196 a.
1100 2154 1150 2196 61
1170 2152 1266 2208 lege
1277 2152 1478 2196 Cornelia
1494 2152 1722 2195 damnatus
1736 2151 1836 2196 Tac.
1848 2166 1888 2194 a.
1901 2154 1967 2202 14,
1980 2155 2047 2197 40.

237 2228 292 2270 60
322 2228 551 2273 Terentius
579 2231 810 2287 Maximus,
845 2233 1045 2289 Asianus,
1080 2235 1320 2290 imperante
1341 2235 1440 2277 Tito
1465 2234 1684 2276 Neronem
1705 2247 1751 2274 se
1775 2247 1869 2275 esse
1897 2233 2050 2275 menti·

320 2303 415 2352 tus,
440 2299 597 2342 multos
629 2301 673 2343 in
705 2294 812 2344 Asia
846 2301 926 2344 sibi
959 2302 1227 2356 conciliavit,
1269 2302 1414 2359 plures
1445 2302 1501 2344 ad
1532 2300 1797 2358 Euphratem
1828 2301 1892 2343 Io.
1920 2300 2049 2343 Anti-

323 2365 498 2410 ochenus
518 2369 573 2422 fr.
600 2372 680 2411 103
700 2384 767 2424 ap.
790 2370 952 2413 Muller
972 2371 1011 2413 h.
1041 2370 1119 2415 Gr.
1142 2372 1198 2425 fr.
1220 2371 1300 2414 IV
1314 2386 1360 2425 p.
1382 2374 1468 2414 578
1488 2371 1589 2426 (exc.
1620 2371 1669 2413 ole
1693 2369 1790 2425 ins.)
1811 2389 1867 2405 1:
1888 2369 2046 2414 Zonar.

319 2437 383 2484 11,
415 2438 481 2486 18,
512 2443 727 2492 postremo
768 2438 821 2480 ad
862 2438 1046 2481 Parthos
1086 2454 1132 2481 se
1172 2439 1351 2482 contulit
1388 2440 1452 2483 Io.
1483 2438 1792 2489 Antiochenus,
1834 2437 1888 2480 ad
1917 2437 2046 2481 Arta-

319 2500 479 2544 banum
500 2505 764 2548 Parthorum
785 2507 1025 2563 principem
1056 2507 1271 2565 (ἀρχηγόν)
1300 2507 1507 2562 confugit,
1541 2508 1615 2563 qui
1638 2507 1736 2550 odio
1757 2506 1846 2549 Titi
1866 2505 2047 2549 Romam

318 2569 532 2614 deducere
572 2588 668 2615 eum
709 2575 894 2630 parabat
934 2576 1153 2630 Zonaras,
1196 2591 1299 2618 mox
1338 2576 1469 2633 periit
1502 2576 1566 2618 Io.
1609 2574 1910 2618 Antiochenus.
1973 2573 2049 2617 Ad

320 2639 491 2681 candem
520 2644 568 2683 ut
595 2642 758 2685 violetur
787 2658 875 2686 reon
903 2645 1130 2699 respicitur
1168 2645 1294 2688 Orac.
1326 2645 1523 2700 Sibyllin.
1555 2648 1594 2695 4,
1625 2647 1706 2687 119
1727 2658 1809 2698 seq.
1840 2646 1934 2686 137,

235 2717 286 2758 61
320 2717 550 2761 Terentius
590 2721 831 2778 Maximus,
873 2731 1128 2781 procurator
1166 2732 1216 2768 ut
1251 2724 1427 2767 videtur
1465 2724 1705 2767 Domitiani
1746 2724 1791 2765 in
1835 2721 2045 2779 Bithynia

319 2785 435 2829 Plin.
468 2801 528 2840 ep.
561 2789 619 2830 ad
648 2790 763 2833 Trai.
790 2794 856 2834 58.

234 2864 287 2905 62
319 2863 548 2908 Terentius
569 2868 743 2911 Priscus
766 2871 866 2924 (cluo
885 2873 1059 2915 nomina
1080 2872 1283 2915 Martial.
1299 2874 1339 2923 8,
1355 2875 1422 2916 45.
1444 2875 1513 2922 12,
1530 2875 1569 2922 4,
1585 2874 1813 2926 praeterea
1832 2870 2039 2925 Priscus),

318 2934 481 2975 amicus
504 2941 545 2976 et
567 2935 706 2978 fautor
729 2938 940 2982 Martialis
968 2941 1169 2983 Martial.
1191 2943 1231 2992 8,
1253 2943 1319 2983 45.
1340 2944 1409 2991 12,
1431 2943 1469 2989 4,
1501 2946 1809 2982 conterraneus
1829 2936 2042 2980 Martialis

317 3001 372 3044 ib.
394 3005 463 3051 12,
484 3005 553 3052 62,
578 3006 606 3044 7
633 3004 686 3057 cf.
708 3005 840 3058 infra.
891 3007 1022 3050 Redit
1051 3009 1231 3050 Romam
1264 3023 1318 3050 ex
1353 3007 1502 3051 Sicilia
1531 3010 1571 3058 8,
1593 3010 1658 3058 45,
1683 3010 1722 3049 1.
1772 3007 1825 3049 In
1854 3006 2039 3062 patriam

318 3083 517 3111 reversus
538 3070 748 3113 Martialis
772 3074 901 3116 tradit
923 3076 974 3128 ei,
1009 3082 1051 3117 et
1080 3077 1162 3131 ipsi
1194 3077 1236 3118 in
1257 3076 1515 3132 Hispaniam
1538 3089 1724 3129 reverso,
1759 3075 2038 3130 epigramma-

318 3142 405 3178 tum
429 3137 587 3179 librum
610 3138 909 3183 duodecimum
930 3144 1128 3186 Martial.
1151 3147 1208 3186 12
1229 3144 1376 3198 praef.
1399 3144 1453 3197 cf.
1475 3147 1545 3194 12,
1567 3147 1606 3194 1,
1627 3146 1678 3195 3,·
1706 3146 1775 3197 12,
1797 3146 1848 3194 4,·
1876 3145 1946 3193 12,
1969 3145 2038 3186 62·

317 3203 402 3245 Hic
430 3204 594 3247 violetur
623 3206 796 3249 Priscus
828 3223 956 3264 quem
992 3210 1241 3267 adloquitur
1270 3210 1480 3253 Martialis
1510 3215 1548 3262 6,
1581 3213 1646 3255 18.
1682 3214 1717 3260 7,
1750 3214 1817 3261 46,
1857 3211 2040 3264 fortasse

317 3271 443 3313 etiarn
474 3275 513 3322 8,
545 3276 613 3316 12.
646 3278 711 3324 10,
738 3278 776 3323 3,
804 3279 851 3317 6:
891 3276 1002 3319 liber
1033 3280 1144 3332 eius,
1183 3294 1267 3335 quo
1299 3279 1549 3335 disputavit,
1585 3279 1716 3335 ‘quod
1748 3279 1955 3335 optimum
1984 3278 2040 3320 sit

316 3340 577 3381 convivium’
612 3340 668 3383 ib.
699 3345 737 3392 9,
766 3345 831 3384 77.
891 3344 1094 3387 Fortasse
1123 3346 1232 3387 idem
1260 3347 1335 3400 qui
1365 3347 1565 3400 sequitur.
