2242 3672
135 248 388 295 VALERIVS
1005 240 1089 284 377
1706 248 1957 284 VALERIVS

141 382 219 425 125
250 386 502 423 VALERIVS
526 386 767 422 ROMANVS
789 381 860 432 vir
882 379 1158 434 clarissimus,
1183 385 1358 421 curator
1379 379 1441 420 rei
1463 377 1665 435 publicae
1687 379 1957 422 Siccensium

221 452 249 493 t.
282 449 493 493 Siccensis
523 448 647 492 VIII
669 448 715 492 S.
748 451 895 492 15881.
967 448 1174 491 Fortasse
1213 448 1337 491 initio
1381 447 1543 490 demum
1582 449 1730 503 quarti
1762 463 1811 503 p.
1850 448 1956 492 Chr.

218 518 381 562 saeculi
406 518 526 563 vixit.
784 566 787 569 ,

137 588 220 631 126
248 587 309 630 Μ.
340 586 542 630 Valerius
583 585 794 629 Romulus
833 584 1085 628 Timotheus
1116 585 1478 641 V[e]nul[e]ianus
1512 585 1783 640 ·(Vinuilian-
1823 602 1885 630 eoe.
1918 588 1957 639 Ι,

219 656 432 699 Vinuian·
464 670 526 698 ex.
549 655 630 709 II)
662 653 936 710 V[e]nuleius
968 653 1417 710 (Vinulei-'traditur)
1450 654 1614 710 Gallus,
1648 670 1674 698 a
1704 655 1959 712 parentibus

220 731 269 768 ut
308 724 484 767 videtur
523 723 722 780 sepulcro
763 722 964 765 conditus
995 723 1059 766 II
1079 726 1194 766 1924
1224 727 1250 765 t.
1283 723 1553 778 Baesippone
1593 724 1639 766 in
1668 723 1852 767 Baetica
1894 725 1959 767 bis

220 794 466 849 descriptus.
531 794 565 835 I
567 793 728 835 llustris
770 792 918 846 stirpis
966 791 1103 834 videri
1140 793 1272 846 fuisse
1316 796 1425 835 recte
1467 793 1701 835 observavit
1741 793 1956 836 Huebner.

218 862 425 905 Fortasse
446 861 676 917 parentela
706 862 953 904 coniunctus
984 875 1077 903 cum
1108 861 1277 904 Valerio
1314 861 1527 904 Timotheo
1558 863 1679 916 infra
1708 876 1749 904 n.
1782 865 1875 905 141.

136 931 215 975 127
249 931 307 974 Μ.
348 930 552 973 Valerius
594 930 822 974 Rullianus
867 929 1067 987 Agrippa
1098 931 1244 986 (prius
1287 945 1512 986 coqnomcn
1543 930 1756 979 Ἰουλιανός
1799 932 1961 986 excepit

221 1000 535 1056 Mordtmann),
578 1015 604 1042 a
644 999 831 1054 militiis,
875 1015 931 1041 ex
971 1006 1252 1055 procuratore
1294 1000 1393 1054 (ἀπὸ
1434 1005 1646 1057 στρατειῶν
1686 1003 1854 1044 ἱππικῶν
1895 1003 1959 1049 καὶ

219 1070 464 1127 ,ἐπιτροπῶνς
512 1070 696 1123 fortasse
739 1082 820 1111 scr.
863 1068 1115 1125 ἐπίτροπον);
1162 1075 1286 1125 pater
1330 1069 1471 1111 Titiae
1518 1069 1716 1112 Statiliae
1756 1069 1958 1112 Valeriae

219 1139 516 1196 Agrippianae
546 1137 744 1181 Fadillae
769 1142 797 1182 t.
813 1137 1027 1181 Prusiade
1049 1138 1107 1181 ad
1127 1138 1318 1194 Hypium
1347 1153 1448 1193 rep„
1475 1139 1615 1181 Lebas
1634 1142 1673 1190 3,
1696 1141 1815 1189 1179,
1838 1153 1959 1193 quem

217 1211 446 1263 praeterea
477 1208 699 1262 descripsit
729 1209 847 1263 (nam
876 1221 961 1250 non
986 1207 1150 1250 videtur
1172 1207 1360 1250 diversus
1391 1207 1492 1262 esse)
1516 1207 1799 1250 Mordtmann
1820 1206 1958 1249 athen.

224 1276 372 1321 Mitth.
404 1280 518 1319 1887
537 1291 585 1331 p.
610 1279 706 1319 179.

136 1346 217 1388 128
246 1345 449 1388 Valerius
472 1344 673 1400 Sabinus,
696 1351 821 1402 pater
840 1344 1044 1387 Valeriae
1066 1343 1235 1387 Probae
1267 1344 1309 1387 V
1324 1348 1413 1388 722
1442 1345 1515 1401 (cf.
1536 1346 1658 1399 infra
1677 1346 1754 1388 sub
1788 1345 1961 1388 Valeria

221 1413 400 1469 Proba).

137 1484 219 1527 129
251 1482 300 1526 C.
333 1482 537 1525 Valerius
570 1482 759 1525 Sabinus
790 1483 867 1538 (sic
899 1486 927 1525 t.
966 1483 1216 1533 Ticinensis,
1249 1482 1346 1527 Val.
1380 1482 1570 1526 Sabinus
1602 1486 1630 1527 t.
1654 1481 1958 1535 Placentinus),

222 1553 290 1594 vir
311 1552 665 1608 perfectissimus·²
698 1551 922 1594 rationalis
945 1555 971 1596 t.
1001 1552 1040 1594 T
1036 1552 1234 1594 ieinensis
1266 1551 1430 1595 V6421
1450 1552 1695 1606 (rationalis
1714 1550 1962 1593 vocabulum

219 1635 306 1664 non
336 1621 516 1663 incisum
545 1620 620 1662 sed
640 1621 807 1674 pictum
839 1619 1034 1670 tantum),
1067 1620 1239 1674 a(gens)
1261 1621 1418 1675 v(ices)
1442 1620 1702 1674 rat(i0nalis)
1731 1624 1759 1662 t.
1782 1620 1963 1662 Placen-

220 1690 335 1732 tinus
356 1690 435 1732 XI
448 1693 561 1732 1214
591 1690 683 1745 (ubi
704 1689 776 1746 [p.]
798 1704 838 1732 v,
862 1695 942 1732 rat.
966 1689 1143 1744 corriyit
1162 1689 1419 1745 Bormann),
1450 1689 1716 1746 temporibus
1737 1688 1963 1731 Aureliani

192 1754 195 1756 ’
219 1762 247 1802 t.
280 1758 572 1801 Placentinus.

137 1830 219 1872 130
248 1835 301 1873 Μ.
331 1834 585 1870 VALERIVS
618 1833 847 1869 SENECIO.
901 1826 1037 1869 Tituli
1068 1826 1316 1877 Numidiae,
1350 1827 1474 1870 VIII
1492 1831 1605 1871 2494
1636 1825 1709 1882 (1).
1740 1830 1855 1870 2619
1885 1826 1961 1883 (2)-

219 1899 336 1941 2750
366 1896 441 1950 (3).
483 1899 595 1940 2751
627 1897 699 1952 (4).
769 1896 1046 1940 Clarissimus
1094 1897 1161 1937 vir
1203 1899 1230 1938 t.
1273 1900 1310 1938 1.
1382 1897 1576 1951 Legatus
1618 1896 1730 1951 Aug.
1778 1911 1856 1952 pro
1897 1910 1961 1951 pr.

221 1966 422 2022 (legionis
465 1966 615 2008 tertiae
661 1965 908 2020 Augustae)
951 1968 978 2007 t.
1011 1968 1120 2015 1-4,
1163 1964 1245 2007 sub
1289 1965 1516 2008 Caracalla
1556 1969 1583 2010 t.
1614 1969 1651 2008 1.
1693 1969 1736 2009 2.
1798 1963 1963 2007 Consul

223 2039 251 2078 t.
279 2039 318 2078 4.
381 2037 562 2078 Praeses
591 2035 842 2092 provinciae
874 2035 1138 2077 Germaniae
1170 2034 1387 2076 inferioris
1420 2037 1447 2078 t.
1478 2038 1506 2076 4
1535 2035 1590 2088 cf.
1623 2038 1651 2076 t.
1681 2038 1720 2077 3.

140 2106 217 2148 131
253 2104 301 2148 C.
336 2104 536 2146 Valerius
577 2104 790 2159 Serenus,
833 2103 1079 2157 curator(?)
1115 2102 1265 2145 elassis
1297 2103 1623 2145 Alexandrinae
1652 2103 1691 2157 (ὁ
1723 2104 1964 2160 ἐπιμελητὴς

222 2176 366 2221 παντὸς
394 2179 464 2216 τοῦ
497 2171 808 2231 Ἀλεξανδρείνου
841 2173 1030 2227 στόλου),
1069 2171 1251 2214 Claudio
1293 2172 1462 2214 Iuliano
1504 2173 1723 2228 praefecto
1764 2186 1961 2214 annonae

221 2244 266 2297 (i.
300 2257 337 2285 e.
378 2244 495 2285 cirea
532 2257 693 2284 annum
725 2243 805 2285 201
850 2257 890 2298 p.
935 2241 1056 2294 Chr.)
1100 2244 1127 2284 t.
1159 2241 1411 2284 Portuensis
1437 2240 1561 2285 CIG.
1592 2244 1703 2283 5973
1739 2261 1794 2275 z
1823 2241 1962 2283 Inscr.

219 2310 298 2354 Gr.
331 2311 453 2354 Sicil.
485 2311 588 2354 Ital.
621 2314 717 2354 917.
775 2311 998 2353 Neoeorus
1031 2310 1255 2366 Sarapidis
1288 2312 1351 2364 (in
1383 2311 1520 2352 Portu
1542 2310 1751 2364 Ostiensi)
1783 2311 1839 2354 ib.
1890 2309 1961 2352 Ad

223 2380 406 2422 eundem
449 2394 683 2423 neocorum
723 2381 944 2436 pertinent
984 2379 1102 2421 tituli
1139 2379 1393 2421 Portuenses
1429 2380 1566 2423 Inscr.
1596 2379 1675 2422 Gr.
1706 2379 1823 2423 Sicil.
1857 2379 1959 2421 Ital.

222 2452 437 2493 919-921.

139 2519 220 2561 132
252 2524 504 2560 VALERIVS
517 2518 577 2573 (P)
602 2524 827 2560 SEVERVS
851 2517 1040 2572 (Valerii
1063 2530 1213 2559 nomen
1239 2517 1285 2559 in
1315 2519 1458 2571 ectypo
1490 2516 1622 2571 leyere
1650 2517 1736 2558 sibi
1760 2517 1873 2558 visus
1902 2519 1962 2558 est

223 2587 538 2642 Zanyemeister
577 2601 651 2629 nec
691 2590 832 2629 tamen
871 2590 1030 2629 certum
1073 2586 1117 2627 id
1156 2599 1242 2627 esse
1273 2585 1527 2640 affirmavit)
1568 2584 1736 2639 legatus
1776 2600 1854 2641 pro
1896 2599 1961 2640 pr.

222 2655 413 2698 Arabiae
443 2656 556 2698 inter
586 2671 624 2701 a.
654 2656 878 2698 177—180
908 2656 997 2698 III
1021 2655 1068 2698 S.
1100 2655 1254 2697 141491
1284 2675 1338 2689 z
1360 2653 1565 2696 Mittheil.
1595 2668 1637 2696 u.
1673 2653 1962 2695 Nachrichten

225 2725 296 2767 des
339 2724 561 2767 deutschen
600 2725 1062 2767 Palaestina-Vereins
1102 2727 1212 2766 1896
1248 2739 1296 2779 p.
1327 2728 1380 2767 49
1421 2723 1493 2779 (z
1534 2724 1623 2766 III
1656 2726 1780 2766 6027.
1823 2725 1961 2773 6028,-

223 2807 340 2847 quem
373 2792 543 2835 titulum
571 2794 711 2836 minus
740 2797 851 2836 recte
873 2796 922 2835 ut
942 2794 1031 2835 iam
1051 2792 1228 2843 videtur,
1262 2795 1391 2835 antea
1419 2792 1657 2835 rettulimus
1678 2791 1737 2833 ad
1754 2790 1962 2833 Erucium

224 2861 456 2916 Severum).
1061 2906 1064 2909 ,

141 2931 223 2974 133
253 2929 458 2973 Valerius
490 2930 692 2986 Severus,
726 2937 878 2973 auctor
904 2931 1010 2972 iuris
1031 2931 1232 2974 Iulianus
1264 2930 1372 2973 libro
1404 2930 1528 2971 tertio
1556 2929 1810 2983 diyestorum
1840 2927 1959 2982 (Diq.

222 3003 262 3050 3,
282 3002 322 3050 5,
343 3003 402 3043 29
422 2999 547 3055 [30]),
580 2999 795 3054 Ulpianus
815 2999 874 3042 ad
895 2999 1074 3042 edictum
1101 2999 1172 3044 lib.
1206 2999 1250 3044 V.
1283 2999 1410 3042 VIII.
1433 2998 1566 3040 LXX
1593 2997 1712 3052 (Diy.
1733 3001 1774 3046 2,
1796 2999 1840 3046 2,
1861 3000 1899 3046 4,
1921 2999 1960 3037 3.

222 3071 261 3119 3,
282 3071 322 3119 3,
343 3071 372 3110 8
393 3083 469 3123 ρν,
497 3072 562 3119 43,
583 3072 656 3119 20,
677 3073 715 3119 1,
737 3069 827 3124 21).
887 3068 1094 3111 Fortasse
1124 3068 1234 3111 idem
1264 3068 1337 3122 qui
1366 3068 1565 3121 sequitur.

142 3138 224 3180 134
256 3143 296 3180 C.
329 3143 581 3179 VALERIVS
614 3144 839 3180 SEVERVS
872 3138 949 3193 (sic
980 3137 1081 3192 dipl.
1113 3137 1230 3188 mil.;
1252 3139 1482 3191 praeterea
1508 3133 1709 3176 Valerius
1741 3134 1960 3184 Severus).

225 3205 467 3248 Proconsul
506 3206 699 3249 Achaiae
741 3205 886 3262 paullo
926 3212 1027 3248 ante
1067 3221 1104 3247 a.
1149 3206 1230 3248 118
1272 3219 1405 3246 mens,
1450 3203 1547 3245 Oct.
1594 3203 1712 3255 (ante
1760 3201 1960 3244 Clodium

226 3273 512 3330 Granianum‚
546 3282 644 3331 post
668 3274 868 3318 Cassium
902 3274 1161 3328 Maximum)
1191 3277 1219 3316 t.
1244 3273 1456 3316 Phocicus
1478 3270 1544 3314 CI
1546 3270 1598 3313 G.
1621 3273 1744 3314 1732.
1798 3269 1962 3313 Consul

162 3357 166 3361 ·
227 3343 323 3387 suff.
363 3358 400 3394 a,
435 3344 518 3386 124
556 3358 705 3388 mense
747 3350 794 3387 ut
832 3343 1009 3386 videtur
1049 3343 1168 3403 Sept.
1207 3357 1303 3384 cum
1342 3341 1390 3384 O.
1423 3340 1532 3382 Iulio
1565 3338 1691 3383 Gallo
1732 3338 1835 3398 dipl.
1872 3338 1962 3381 mil.
