2242 3672
139 251 394 288 VALERIVS
1009 246 1093 290 357
1715 254 1970 292 VALERIVS

143 408 202 414 --
230 383 421 426 Baebius
451 383 655 427 Valerius
686 384 874 427 Firmus.

143 452 196 495 51
231 451 431 496 Valerius
463 452 706 508 Flaccinus,
744 453 999 495 adulescens
1030 453 1200 509 nobilis,
1234 469 1392 511 parens
1423 453 1647 497 Valeriani
1681 456 1968 512 imperatoris,

226 536 252 563 a
286 521 430 564 Probo
462 528 566 564 tunc
594 522 768 565 tribuno
801 537 823 563 e
854 522 1109 575 Quadorum
1138 538 1270 566 manu
1301 522 1510 566 liberatus
1536 524 1626 565 vita
1647 523 1785 567 Probi
1802 526 1841 574 5,
1866 528 1908 568 2.

140 590 196 633 52
227 597 268 634 c,
309 597 562 633 VALERIVS
603 591 865 645 FLAcoevs)
907 598 1074 634 IVLIVS
1116 598 1274 634 vRsvs
1321 592 1486 647 teyulae
1524 593 1719 635 urbanae
1758 592 1858 636 XV
1876 596 1969 637 522

226 659 349 714 (quas
376 660 530 702 aetatis
549 659 809 702 Hadrianae
830 673 917 702 esse
936 660 1101 702 iudicat
1120 660 1324 716 Dressel).
1373 661 1539 704 Nomen
1568 661 1732 704 indicat
1760 662 1969 705 hominem

190 740 193 742 ·
226 727 422 770 nobilem.
480 728 548 782 Cf.
579 742 716 782 supra
744 729 821 771 sub
853 730 905 771 L.
937 729 1051 771 Iulio
1087 729 1193 772 Urso
1227 729 1394 772 Valerio
1424 730 1605 773 Flacco.

141 798 196 840 53
228 803 270 840 C.
294 803 547 839 VALERIVS
579 803 804 839 FLACCVS
838 804 1046 839 SETINVS
1078 805 1271 840 BALBVS
1295 800 1373 851 (sic
1395 799 1524 842 codex
1550 799 1784 843 Vaticanus
1804 801 1851 842 in
1870 801 1968 843 sub-

224 866 454 920 scriptione
495 866 567 909 lib.
611 866 657 916 V,
699 865 755 908 G.
799 865 1002 908 Valerius
1043 866 1228 909 Flaccus
1269 867 1434 910 Balbus
1475 868 1650 911 Setinus
1689 870 1747 912 ib.
1784 868 1856 913 lib.
1898 869 1965 919 II,

226 935 281 979 Gr.
311 934 514 977 Valerius
550 934 736 978 Flaccus
775 935 951 979 Setinus
991 936 1047 978 ib.
1080 935 1152 979 lib.
1185 937 1218 978 I
1224 936 1269 979 V.
1311 936 1384 980 VI.
1428 937 1528 979 VII.
1568 937 1691 980 VIII
1693 951 1707 989 ,·
1746 938 1799 991 cf.
1839 937 1967 980 Thilo

222 1003 338 1059 prol.
360 1018 410 1058 p.
432 1004 527 1046 III.
576 1003 716 1047 Setini
743 1004 946 1047 vocabulo
978 1005 1184 1059 oriyinem
1205 1019 1257 1047 ex
1278 1005 1400 1048 Setia
1428 1006 1672 1060 siqnificari
1700 1005 1966 1049 coniecerunt

223 1072 432 1123 nonnulli,
465 1074 521 1127 cf.
558 1073 686 1115 Thilo
717 1074 774 1116 ib.
799 1089 847 1128 p.
868 1074 902 1116 I
907 1074 975 1128 V).
1037 1074 1223 1130 Scripsit
1251 1073 1573 1130 Argonautica,
1616 1074 1671 1117 de
1702 1075 1859 1132 quibus
1890 1090 1965 1117 ex-

224 1147 319 1184 tant
358 1140 458 1184 libri
501 1148 596 1185 octo
640 1141 811 1196 (reliqui
843 1143 1026 1197 periisse
1056 1143 1249 1197 putandi
1286 1143 1415 1197 sun&
1459 1142 1683 1200 ediditque
1725 1145 1965 1200 imperante

227 1211 341 1266 Tito,
373 1211 646 1267 Vespasiano
679 1213 762 1254 iam
794 1213 836 1254 in
870 1213 1015 1255 sidera
1040 1220 1212 1269 recepto
1234 1216 1273 1263 1,
1295 1216 1349 1255 16
1375 1212 1447 1267 (cf.
1469 1216 1508 1263 1,
1531 1217 1607 1255 11:
1637 1219 1786 1255 sancte
1818 1218 1964 1269 pater;

223 1281 364 1323 minus
387 1284 499 1323 recte
525 1281 627 1324 haec
656 1282 748 1323 vivo
781 1281 1041 1336 Vespasiano
1070 1283 1234 1336 scripta
1254 1282 1452 1336 plerique
1480 1285 1737 1338 statuerunt)
1761 1282 1966 1338 (eruptio-

222 1364 323 1392 nem
353 1350 521 1393 Vesuvi
562 1351 721 1392 montis
761 1358 971 1394 memorat
1005 1355 1045 1402 3,
1077 1355 1178 1394 209.
1209 1355 1248 1402 4,
1279 1353 1396 1404 507).
1457 1350 1789 1404 Quindecimvir
1829 1350 1964 1392 sacris

222 1418 438 1461 faciundis
469 1423 506 1473 1,
538 1422 566 1461 5
600 1420 694 1471 (sic
717 1422 826 1462 recte
866 1420 996 1462 verba
1036 1419 1085 1462 de
1122 1420 1290 1462 cortina
1327 1419 1537 1474 Cymaeae
1574 1420 1698 1469 vatis,
1741 1433 1846 1472 quae
1882 1418 1967 1460 sibi

223 1488 338 1530 domi
362 1491 509 1540 staret,
542 1492 794 1543 acceperunt
814 1489 1092 1545 interpretes).
1139 1489 1260 1531 Inter
1290 1494 1441 1545 poetas
1472 1488 1709 1530 honorifice
1739 1493 1962 1541 memorat,

222 1572 363 1614 nuper
396 1564 615 1600 mortuum
648 1573 746 1599 eum
783 1572 877 1599 esse
912 1557 1030 1599 dolet
1065 1558 1318 1611 Quintilian.
1345 1561 1413 1608 10,
1446 1561 1483 1608 1,
1514 1561 1569 1600 90
1601 1557 1843 1613 (immature
1872 1570 1964 1598 eum

224 1625 466 1680 defunctum
496 1640 582 1669 esse
611 1626 778 1669 videtur
807 1641 858 1668 ex
890 1626 1150 1680 Quintiliani
1176 1627 1314 1669 verbis
1343 1626 1489 1681 colliyi
1518 1628 1675 1682 posse).
1736 1625 1906 1680 (Etiam
1937 1640 1965 1667 a

223 1694 366 1739 Statio
394 1695 486 1740 silv.
517 1698 561 1746 2,
592 1697 631 1746 7,
666 1699 719 1738 77
747 1695 874 1738 huius
902 1695 1203 1751 Aryonautica
1232 1695 1473 1750 siynificari
1496 1698 1654 1749 putant
1675 1694 1900 1749 plerique.)

133 1787 191 1793 —-
221 1770 266 1806 L.
298 1771 466 1807 IVLIVS
495 1771 652 1807 VRSVS
685 1771 938 1807 VALERIVS
969 1764 1244 1819 FLAC(CVS).

136 1833 193 1875 54
223 1832 272 1876 C.
296 1832 499 1875 Valerius
519 1833 737 1889 FlorinUS,
770 1834 821 1877 L.
849 1834 892 1887 f.,
925 1833 1043 1876 tribu
1064 1833 1215 1888 Quint,
1247 1833 1495 1890 praefectus
1526 1833 1716 1876 cohortis
1747 1832 1964 1875 secundae

220 1900 441 1944 Thracum
478 1902 706 1959 Syriacae,
750 1902 952 1945 tribunus
993 1902 1181 1945 militum
1219 1901 1403 1957 legionis
1434 1902 1523 1945 VII
1556 1901 1788 1956 Claudiae3
1829 1901 1965 1943 frater

220 1970 290 2025 (L.
313 1969 499 2026 Valerii)
531 1970 707 2013 Proculi
739 1970 975 2026 (praefecti
1005 1985 1201 2014 annonae
1231 1974 1271 2013 et
1290 1970 1487 2026 Aeqypti,
1520 1972 1575 2025 of.
1607 1971 1745 2028 infra)
1777 1974 1805 2014 t.
1829 1970 1963 2013 Prae-

217 2039 405 2082 nestinus
434 2040 562 2083 XIV
582 2043 706 2085 2957.

131 2108 186 2151 55
218 2107 459 2164 (Valerius)
491 2109 678 2164 Fronto,
723 2116 847 2166 pater
877 2110 936 2153 M.
969 2109 1134 2153 Valerii
1166 2108 1379 2152 Martialis
1411 2115 1586 2166 poetae,
1623 2109 1805 2151 maritus
1837 2108 1959 2151 Flac-

217 2176 342 2220 cillae
374 2177 604 2220 Martialis
632 2180 670 2229 5,
701 2181 767 2233 34,
800 2181 839 2221 1.

129 2271 188 2277 —
217 2253 263 2289 L.
297 2253 560 2289 SERVILIVS
591 2253 834 2289 DOMITIVS
866 2253 1120 2289 VALERIVS
1150 2253 1353 2290 FRONTO
1385 2253 1648 2290 LVCIANVS.

130 2316 185 2359 56
216 2315 266 2359 C.
298 2315 503 2359 Valerius
543 2317 737 2371 Fuscus,
780 2315 898 2359 tribu
930 2316 1135 2371 Quirina,
1179 2322 1435 2372 procurator
1465 2316 1700 2358 vicesimae
1736 2330 1814 2371 per
1845 2329 1958 2357 com-

216 2384 364 2442 plures
395 2386 666 2441 provincias,
714 2391 972 2442 procurator
1010 2384 1066 2427 ad
1107 2399 1323 2427 annonam
1356 2384 1506 2427 Ostiae
1547 2388 1575 2428 t.
1606 2384 1799 2426 urbanus
1835 2383 1959 2426 semel

216 2454 450 2509 descriptus
481 2454 550 2497 VI
573 2458 693 2497 1633.

127 2523 182 2566 57
215 2529 256 2565 C.
286 2529 538 2566 VALERIVS
580 2530 866 2566 GALLIANVS
907 2529 1304 2566 HONORATIANVS
1346 2524 1416 2565 vir
1455 2522 1740 2576 clarissimus,
1784 2528 1958 2564 curator

213 2593 277 2634 rei
321 2591 522 2648 publicae
567 2592 872 2648 Karthaginis,
919 2606 1032 2634 anno
1079 2597 1128 2634 ut
1170 2591 1347 2634 videtur
1387 2592 1471 2634 283
1521 2591 1648 2646 (recte
1690 2591 1801 2633 enini
1845 2589 1957 2633 Caro

214 2660 385 2703 titulum
419 2662 611 2715 positum
649 2662 782 2716 fuisse
822 2661 986 2704 videtur
1025 2661 1225 2703 statuisse
1266 2659 1545 2714 Mommsen),
1588 2665 1704 2702 certe
1748 2674 1858 2701 saec.
1888 2659 1957 2701 III

214 2736 423 2785 vergente
469 2729 593 2772 VIII
623 2730 667 2773 S.
710 2732 884 2781 12522,·
931 2729 1045 2772 filius
1091 2728 1258 2772 Valerii
1304 2729 1559 2784 Rogatiani,
1607 2743 1742 2784 nepos
1789 2726 1955 2770 Valerii

215 2797 405 2842 Galliani
436 2798 559 2841 VIII
582 2798 628 2844 S.
660 2801 808 2843 11935.

128 2868 182 2910 58
213 2866 415 2909 Valerius
444 2868 621 2922 Gratus,
654 2873 912 2924 procurator
940 2867 1132 2909 Iudaeae
1162 2866 1244 2910 sub
1269 2867 1447 2910 Tiberio
1477 2881 1556 2923 per
1588 2866 1790 2908 undecim
1820 2880 1954 2906 annos

213 2936 277 2991 (id
306 2939 367 2978 est
394 2939 443 2978 ut
471 2936 636 2979 videtur
663 2937 717 2979 ab
750 2951 790 2980 a.
813 2951 862 2990 p.
892 2935 993 2980 Chr.
1024 2938 1077 2978 15
1105 2935 1166 2978 acl
1194 2950 1232 2979 a.
1265 2939 1336 2987 26,
1379 2937 1433 2989 cf.
1474 2935 1552 2978 sub
1583 2934 1740 2977 Pontio
1772 2933 1950 2988 Pilato),

213 3019 438 3046 successor
468 3004 601 3047 Annii
633 3005 757 3059 Rufi3
789 3005 871 3060 ipsi
903 3005 1113 3046 successit
1141 3005 1324 3047 Pontius
1356 3003 1522 3046 Pilatus
1549 3002 1715 3057 Ioseph.
1748 3004 1814 3052 18,
1846 3005 1890 3051 2,
1922 3005 1954 3043 2

212 3073 326 3128 (inde
355 3073 512 3116 Euseb.
541 3073 581 3116 h.
614 3073 710 3115 eccl.
742 3076 780 3123 1,
813 3072 885 3127 10)
896 3086 909 3124 ;
939 3073 994 3126 cf.
1026 3075 1093 3123 18,
1126 3076 1164 3124 6,
1195 3076 1233 3116 5.

126 3142 181 3184 59
212 3149 256 3183 L.
298 3142 590 3195 VAL(ERIVS)
632 3147 908 3183 HELVIDIVS
954 3147 1157 3183 PRISCVS
1204 3141 1517 3196 [P]OBLICOLA
1565 3139 1829 3182 clarissimus
1868 3138 1949 3191 Vir,

211 3210 533 3267 quindecimvir
574 3210 707 3252 sacris
747 3209 977 3263 faciundis,
1019 3208 1200 3252 allectus
1246 3211 1360 3252 inter
1399 3210 1691 3266 quaestorios,
1728 3207 1844 3248 sevir
1884 3220 1950 3261 eq.

212 3279 337 3321 Rom.
370 3285 538 3321 turmae
570 3279 748 3335 primae,
783 3311 906 3321 .....
949 3277 1018 3320 VI
1039 3281 1149 3321 1530
1182 3279 1237 3332 cf.
1260 3293 1309 3333 p.
1331 3281 1430 3322 852.

126 3348 182 3390 60
212 3347 448 3404 [Va]lerius
481 3348 678 3402 Hermes,
712 3347 877 3389 amicus
908 3352 957 3389 ut
984 3346 1159 3389 videtur
1188 3347 1390 3390 Dasumii
1424 3346 1492 3389 VI
1514 3347 1658 3388 10229
1687 3357 1724 3386 v.
1745 3345 1816 3387 26.
1861 3374 1865 3378 ·
