2242 3672
168 275 400 312 STATILIA
1035 270 1118 312 267
1757 273 1985 310 STATILIA

251 406 386 448 Tauri
407 406 435 450 f.
459 406 694 449 Messalina
726 407 794 450 VI
814 410 938 459 9842,
971 406 1222 450 Messallina
1246 406 1381 450 Tauri
1413 405 1440 451 f.
1474 405 1544 449 VI
1562 408 1685 457 6327,
1718 405 1983 460 Messalin[a]

251 473 386 516 Tauri
411 475 469 530 [f.]
503 475 572 518 VI
585 479 693 519 9191
714 474 849 528 (tituli
873 475 1117 531 servorum),
1149 475 1382 518 Messalina
1405 476 1539 517 Tauri
1561 475 1589 520 f.
1613 475 1760 530 fistula
1781 474 1986 530 plumbea

250 543 367 586 Bull.
401 557 561 587 comun.
594 547 704 587 1883
725 559 773 599 p.
795 548 880 588 230
912 559 953 589 n.
975 547 1057 587 650
1088 551 1204 600 (nam
1235 544 1420 587 consuli-s
1451 558 1491 586 a.
1522 546 1575 586 45
1603 543 1699 599 filia
1734 544 1824 586 sine
1858 543 1986 586 dubio

252 612 472 666 appellata
502 616 607 656 esset
634 613 810 656 Corvini
837 613 954 668 filia5
973 613 1044 655 'ad
1068 627 1256 655 sororem
1281 612 1470 667 aliqua-m
1497 612 1712 655 consulum
1734 627 1773 655 a.
1796 616 1850 655 44
1875 616 1914 655 et
1933 617 1985 656 45

246 684 475 735 praeterea
504 682 695 736 iynotam
721 681 865 724 titulos
891 681 960 724 VI
974 684 1090 725 9842
1113 685 1151 723 et
1173 681 1329 735 falsum
1361 681 1429 724 VI
1441 683 1552 725 3295
1567 681 1589 705 *
1615 701 1667 715 Ξ-
1697 680 1822 725 Grut.
1845 684 1936 732 995,
1961 685 1986 722 6

249 749 415 792 rettulit
441 750 702 805 Boryhesius
731 753 770 800 8,
804 750 912 805 137).

336 819 441 861 Post
471 819 555 861 tria
584 820 861 861 matrimonia
891 819 1064 861 diverso
1106 820 1225 861 exitu
1262 818 1402 861 soluta
1431 819 1558 861 schol.
1595 819 1687 863 Iuv.
1726 819 1796 874 (ef.
1832 820 1983 877 infra),

250 889 398 944 nupsit
422 887 567 930 Attico
589 888 770 930 Vestino
803 887 952 943 (supra
982 889 1016 930 I
1029 887 1126 942 410)
1163 888 1261 930 Tae.
1294 902 1333 932 a.
1364 890 1428 939 15,
1461 890 1515 930 68
1546 888 1600 941 cf.
1633 887 1750 930 Suet.
1783 888 1887 933 Ner.
1918 892 1985 932 35.

251 957 372 999 Inter
402 955 620 999 adulteros
653 957 744 998 eius
773 956 889 999 Nero
917 957 1014 1000 Tac.
1039 957 1064 998 l.
1093 970 1140 1007 0.,
1173 957 1261 1013 qui,
1293 963 1342 999 ut
1371 971 1422 999 ea
1453 957 1675 1013 potiretur,
1709 971 1746 998 a.
1775 957 1829 999 65
1861 959 1986 999 mari-

249 1033 340 1069 tum
372 1026 463 1067 eius
496 1026 540 1066 in
570 1026 663 1082 ipso
695 1024 921 1068 consulatu
953 1025 1188 1067 trucidavit
1218 1025 1332 1068 Suet.
1364 1025 1392 1070 l.
1424 1039 1471 1076 e.‚
1504 1026 1558 1079 ef.
1579 1038 1711 1079 supra
1743 1025 1819 1067 sub
1841 1026 1986 1068 Attico

256 1094 437 1138 Vestino.
494 1094 666 1136 Deinde
698 1095 846 1151 nupsit
875 1094 1039 1136 Neroni
1080 1094 1216 1150 (‘p0st
1257 1100 1461 1150 quattuor
1500 1095 1775 1136 matrimonia
1813 1093 1985 1136 diverso

251 1164 373 1206 exitu
407 1162 562 1205 soluta³
597 1162 724 1205 schol.
757 1163 816 1206 ad
839 1163 932 1207 Iuv.
965 1166 1003 1213 6,
1034 1166 1132 1216 434)
1165 1162 1280 1206 Suet.
1311 1163 1338 1205 l.
1372 1176 1430 1214 e.,·
1469 1162 1596 1205 schol.
1627 1163 1720 1206 Iuv.
1756 1163 1857 1218 (non
1894 1164 1986 1218 ipso

251 1247 362 1276 anno
391 1234 456 1283 65,
495 1233 696 1287 quoniam
743 1232 917 1274 Tacitus
956 1233 1002 1275 in
1042 1232 1166 1274 libris
1204 1232 1502 1286 superstitibus
1543 1231 1591 1274 de
1629 1245 1675 1274 eo
1715 1232 1986 1274 matrimonio

249 1305 370 1352 tacet,
403 1301 455 1356 ef.
478 1301 653 1344 Heneen
679 1304 759 1343 aet.
781 1300 886 1343 Arv.
912 1316 960 1356 p.
984 1300 1164 1343 LXXX
1189 1300 1301 1352 not.,·
1329 1300 1402 1343 sed
1431 1303 1656 1354 antequam
1678 1301 1987 1354 proconsulatu

247 1370 384 1413 Asiae
406 1370 545 1413 abiret
565 1369 644 1413 M.'
668 1370 836 1412 Acilius
857 1369 1028 1421 Aviola,
1061 1370 1134 1424 qui
1153 1369 1388 1424 proconsul
1408 1369 1542 1411 Asiae
1563 1369 1706 1423 fuerat
1724 1370 1821 1411 viva
1841 1371 1988 1412 etiam-

250 1443 337 1482 tum
368 1439 595 1494 Poppaea,
628 1439 676 1481 id
704 1442 765 1482 est
795 1453 835 1481 a.
858 1442 923 1490 65,
955 1439 1168 1494 reperitur
1197 1439 1308 1481 enim
1329 1438 1511 1480 Auiolae
1541 1437 1811 1492 proeonsulis
1839 1453 1989 1482 nomen

249 1509 296 1551 in
324 1509 508 1551 nummis
535 1508 736 1563 Ephesiis
774 1511 862 1550 tam
894 1508 1121 1563 Poppaeae
1153 1522 1280 1562 quam
1312 1507 1616 1558 Messallinae;
1654 1505 1822 1549 videtur
1857 1509 1990 1563 iqitur

251 1578 570 1620 matrimonium
610 1577 864 1620 celebratum
903 1591 988 1620 esse
1021 1578 1174 1632 priore
1213 1576 1434 1619 semenstri
1474 1576 1580 1618 anni
1610 1579 1662 1618 66
1673 1589 1685 1628 ,·
1724 1576 1778 1630 ef.
1818 1576 1991 1619 Hemen

254 1649 335 1689 aet.
355 1646 461 1691 Arv.
485 1660 532 1701 p.
555 1645 669 1700 172).
714 1645 964 1688 Messallina
986 1646 1172 1688 Neronis
1194 1646 1242 1687 in
1264 1645 1399 1687 titulis
1429 1658 1644 1686 s(rv0rum
1675 1647 1714 1686 et
1745 1643 1991 1686 libertorum

258 1715 326 1758 VI
337 1718 457 1758 6596.
481 1718 586 1757 6619
607 1715 677 1771 (ef.
698 1718 822 1766 6620,
844 1715 921 1757 ubi
943 1715 1130 1758 Neronis
1158 1728 1309 1757 nomen
1339 1728 1424 1756 non
1455 1713 1656 1765 additur).
1686 1715 1810 1756 6625.
1837 1716 1989 1756 26915.

254 1784 527 1827 Memoratur
559 1783 818 1827 Messallina
848 1785 894 1826 in
923 1784 1162 1839 fraymento
1192 1786 1383 1826 aetorum
1411 1783 1599 1837 fratrum
1627 1781 1856 1824 Arvalium
1883 1782 1994 1836 quod

251 1852 416 1896 videtur
447 1852 774 1895 adtribuendum
805 1866 890 1895 esse
922 1867 1034 1895 anno
1066 1856 1118 1895 66
1149 1852 1247 1907 (VI
1269 1855 1408 1896 20440
1435 1865 1471 1895 v.
1502 1854 1552 1894 8.·
1593 1850 1780 1906 [Iunoni]
1813 1850 1992 1893 Messal-

252 1921 368 1964 linae
388 1922 526 1977 vace.)
541 1949 592 1953 —
608 1922 763 1979 Νέρων,
781 1921 1046 1977 Μεσσαλῖν[α]
1061 1935 1257 1964 nummus
1271 1921 1559 1976 Ephesiorum
1576 1935 1644 1975 ap.
1657 1919 1819 1962 Eczehel
1839 1923 1877 1971 6,
1891 1923 1989 1971 288,

252 1991 326 2035 sed
363 2006 482 2046 quem
521 1992 628 2035 vidit
666 1992 780 2035 solus
810 1992 1042 2044 Sestinius,·
1072 1993 1188 2035 Στατ.
1221 1991 1391 2034 Μεσσαλ
1409 2023 1419 2033 .
1439 2023 1450 2033 .
1467 2023 1504 2033 ..
1536 2002 1731 2032 nummus
1767 1989 1991 2043 Thyatire-

253 2075 405 2104 norum
436 2076 505 2117 ap.
535 2060 675 2104 Cohen
696 2062 731 2104 I
753 2061 814 2104 ed.
837 2064 868 2104 2
889 2076 935 2115 p.
953 2064 1047 2116 316,
1080 2060 1315 2104 Μεσσαλῖνα
1339 2073 1533 2102 nummus
1564 2058 1848 2113 Ephesiorum
1873 2072 1993 2112 quem

255 2144 306 2173 ex
315 2131 541 2186 prioribus
570 2131 853 2185 repetiverunt
883 2130 1046 2172 Eelchel
1066 2133 1103 2180 6,
1127 2132 1226 2180 287,
1258 2129 1471 2183 Boryhesi
1500 2131 1543 2178 2,
1576 2129 1668 2178 135,
1702 2126 1991 2181 Waddinyton

253 2200 386 2254 fustes
415 2214 456 2242 n.
478 2203 541 2254 93,
564 2202 591 2242 5
621 2197 684 2251 (in
713 2213 793 2253 quo
823 2199 933 2241 hane
964 2199 1205 2254 si'ynisieari
1226 2201 1384 2240 eertum
1413 2200 1474 2239 est
1503 2211 1553 2239 ex
1583 2196 1790 2238 mentione
1810 2195 1991 2238 Auiolae

253 2268 559 2324 proconsulis),
596 2267 828 2311 Μεσσαλῖνα
860 2269 954 2325 Σεβ.
984 2280 1178 2310 nummus
1212 2266 1517 2322 Ephesiorum,
1558 2279 1679 2319 quem
1717 2264 1823 2307 vidit
1863 2263 1993 2307 Wad-

257 2337 434 2392 dinyton
464 2337 598 2391 fustes
617 2351 658 2381 n.
682 2339 747 2387 93,
769 2341 807 2379 4.
834 2362 886 2368 —
908 2336 991 2379 Θεὰ
1012 2336 1196 2394 Σεβαστή
1227 2335 1393 2378 videtur
1424 2334 1540 2376 dieta
1570 2347 1665 2382 essev
1686 2334 1733 2375 in
1763 2336 1791 2376 t.
1813 2331 1993 2375 Boeotio

257 2407 390 2449 inciso
420 2406 496 2448 sub
528 2406 655 2461 finem
686 2405 792 2449 anni
819 2408 877 2448 67
903 2405 1042 2448 Inser.
1075 2404 1229 2448 Graec.
1257 2407 1360 2459 sept.
1383 2403 1417 2445 I
1437 2405 1550 2446 2713
1579 2416 1615 2444 v.
1638 2404 1709 2452 52,
1742 2402 1782 2444 si
1808 2414 1903 2444 vere
1931 2401 1996 2443 ibi

256 2478 328 2526 est,
359 2478 407 2517 ut
436 2474 600 2517 videtur
630 2488 727 2525 esse,
761 2475 944 2517 excisum
972 2488 1123 2517 nomen
1149 2472 1444 2522 Messallinae,
1477 2472 1529 2525 ef.
1563 2470 1780 2513 Holleauoe
1811 2469 1911 2512 bull.
1945 2469 1994 2512 de

258 2558 366 2588 corr.
397 2543 492 2586 hell.
525 2547 594 2594 12,
627 2546 738 2586 1888
768 2558 816 2598 p.
848 2545 929 2586 515
965 2547 1005 2586 et
1033 2542 1334 2597 Dittenberyer
1365 2541 1502 2584 Inser.
1532 2539 1608 2583 Gr,
1644 2539 1670 2582 l.
1703 2553 1735 2582 e.
1768 2563 1824 2569 —-
1855 2538 1907 2581 A.
1939 2538 1994 2581 69

258 2613 373 2656 Otho
406 2628 500 2655 eam
530 2613 803 2655 matrimonio
830 2627 906 2655 suo
931 2612 1189 2667 destinavit;
1219 2611 1334 2653 idem
1364 2610 1553 2652 moriens
1586 2609 1624 2650 ei
1656 2608 1862 2664 reliquias
1894 2622 1994 2649 suas

256 2681 576 2724 commendavit
606 2681 724 2725 Suet.
755 2681 850 2725 Oth.
884 2685 952 2724 10.
1014 2681 1159 2723 Etiam
1198 2686 1348 2737 postea
1382 2678 1554 2735 ‘opibus
1595 2683 1638 2720 et
1677 2676 1817 2719 forma
1856 2683 1899 2718 et
1933 2677 1994 2718 in-

259 2752 387 2807 genio
419 2750 655 2807 plurimum
685 2751 843 2806 viguit’
868 2750 994 2793 schol.
1024 2750 1118 2793 Iuv.
1140 2753 1178 2801 6,
1199 2752 1292 2792 434.
1349 2747 1626 2791 ‘consectata
1656 2752 1722 2788 est
1752 2760 1880 2788 usum
1912 2744 1995 2787 elo-

259 2821 463 2877 quentiae
493 2834 632 2876 usque
662 2819 716 2862 ad
749 2819 940 2862 studium
971 2818 1260 2862 declamandi’
1294 2818 1352 2860 ib.
1385 2817 1478 2873 (ubi
1505 2818 1716 2859 narratur
1746 2829 1838 2858 eam
1865 2814 1996 2869 siqni-

258 2890 386 2946 fieari
415 2903 443 2931 a
473 2888 675 2932 Iuvenale
705 2892 744 2940 6,
774 2892 855 2931 434
884 2888 984 2943 seq.)
1017 2914 1070 2919 —
1110 2889 1293 2931 Latinus
1333 2887 1510 2940 mimus,
1554 2885 1753 2927 conscius
1795 2882 1995 2925 adulterii

260 2958 531 3013 Messalinae,
564 2959 713 3000 uxoris
743 2957 929 3000 Neronis
959 2957 1086 3000 schol.
1109 2957 1201 3000 Iuv.
1224 2960 1264 3007 1,
1295 2957 1348 2999 35
1380 2953 1473 3008 (ubi
1505 2957 1544 2997 et
1574 2953 1666 2996 alia
1696 2953 1870 2994 turbata
1900 2954 1998 2993 sunt

261 3031 301 3070 et
329 3027 431 3070 haec
449 3027 691 3070 Messalina
718 3026 994 3080 confunditur
1015 3040 1107 3068 eum
1140 3025 1314 3067 Valeria
1337 3022 1598 3066 Messallina
1618 3020 1807 3070 Claudii,
1841 3019 1895 3073 ef.
1918 3020 1994 3061 sub

261 3097 450 3151 Latino).

176 3167 259 3208 626
291 3164 463 3208 statilia
493 3164 738 3220 Messalina,
773 3164 932 3208 Catulli
963 3163 1064 3217 filia,
1097 3163 1210 3204 vixit
1239 3161 1461 3204 mensibus
1493 3158 1662 3202 duobus
1694 3164 1736 3199 et
1766 3156 1920 3199 diebus
1950 3156 1996 3198 X

267 3233 336 3276 VI
358 3236 512 3277 26789.
573 3233 740 3276 Filiam
769 3234 902 3288 fuisse
932 3232 1107 3274 coniecit
1136 3230 1397 3285 Borykesius
1430 3243 1523 3284 opp.
1550 3231 1589 3279 5,
1611 3228 1709 3270 528.
1739 3229 1780 3276 8,
1802 3228 1885 3268 138
1912 3239 1996 3267 non

265 3302 435 3345 Statilii
455 3302 639 3344 alieuius
666 3302 840 3352 Catulli,
873 3301 1069 3344 Statilios
1090 3300 1201 3342 enim
1223 3299 1416 3341 Catullos
1439 3298 1572 3352 plane
1601 3296 1767 3349 iqnotos
1797 3307 1894 3344 esse,
1924 3293 1998 3335 sed

270 3370 433 3412 Valerii
459 3370 633 3423 Catulli,
664 3385 782 3424 quem
811 3370 924 3412 Gaio
948 3368 1201 3423 imperatori
1221 3367 1437 3422 aequalem
1468 3367 1558 3420 fere
1588 3365 1720 3418 fuisse
1741 3363 1856 3405 docet
1878 3362 1994 3405 Suet.
