2242 3672
185 233 411 270 VMMIDIA
1056 232 1136 276 471
1751 239 1999 277 VOCONIVS

185 368 270 411 606
299 372 526 409 VMMIDIA
567 373 938 418 QVADRATILLA.
1012 370 1177 414 Titulus
1222 370 1406 414 Casinas
1442 372 1491 414 X
1522 374 1632 415 5183
1671 370 1745 428 (1).
1823 371 2002 414 Fistula

271 436 476 491 plumbea
503 437 639 479 musei
669 437 965 489 Kircheriani‚
998 454 1067 494 ap.
1098 440 1387 483 Lancianium
1413 442 1507 497 syll.
1538 455 1580 484 n.
1602 444 1683 484 166
1713 441 1788 497 (2).
1839 441 2002 484 Memo-

270 508 397 548 ratur
435 506 483 548 in
523 508 550 549 t.
592 518 807 548 servorum
847 507 1014 549 urbano
1056 507 1124 550 VI
1150 511 1294 552 28526
1325 508 1398 566 (3).
1468 509 1690 553 Ummidia
1730 509 2003 563 Quadratilla

273 578 301 618 t.
322 578 362 617 1.
382 577 422 625 3,
454 574 633 628 itemque
662 575 754 616 sine
784 575 912 618 dubio
931 574 1048 619 Plin.
1073 591 1134 631 cp.
1168 581 1205 628 7,
1235 581 1294 620 24
1321 578 1423 633 (pro
1454 578 1649 621 Ummid-
1682 579 1792 621 inter
1820 577 1999 632 numid-,

272 642 465 698 ommid-,
511 642 726 697 commid-,
773 643 955 686 valmid-
999 645 1172 687 variant
1216 645 1398 698 codices,
1442 661 1619 700 quorum
1666 646 1810 689 nullus
1857 647 2000 696 bonus,

269 713 550 766 editionesque
580 713 812 769 antiquae),
845 713 1022 756 Umidia
1052 713 1363 770 Quadratil[l]a
1393 718 1422 758 t.
1443 719 1485 758 2.
1536 715 1585 759 O.
1612 715 1641 758 f.
1675 719 1702 758 t.
1724 718 1763 759 1.
1785 718 1828 758 2.
1879 714 2003 757 Filia

269 780 437 824 videtur
473 780 521 826 G.
560 780 765 825 Ummidii
799 782 1014 835 Quadrati
1033 784 1254 837 praetoris
1280 798 1390 826 anno
1419 787 1474 827 18
1504 783 1654 839 (supra
1681 798 1722 826 n.
1754 783 1865 834 600),
1896 786 2004 826 nata

267 853 407 893 autem
436 850 554 892 circa
579 864 618 894 a.
641 852 824 901 27—30,
854 851 895 893 si
919 851 1085 904 quidem
1110 851 1291 906 epistula
1311 852 1464 903 Plinii,
1496 867 1581 907 qua
1610 866 1724 894 mors
1754 853 1842 894 eius
1862 866 2003 907 paene

273 919 568 975 octoyenariae
589 917 662 973 (cf.
682 917 821 974 infra)
842 920 1080 970 nuntiatur,
1112 921 1276 962 videtur
1296 921 1457 975 scripta
1478 922 1594 964 circa
1615 935 1655 963 a.
1678 924 1771 964 107.
1811 921 2003 963 Maritus

270 989 508 1043 iynoratur.
565 986 767 1030 Delicata
793 987 965 1042 femina,
999 996 1116 1030 certe
1148 990 1192 1030 in
1223 997 1456 1043 senectute,
1482 989 1687 1032 ‘habebat
1715 990 2002 1046 pantomimos

274 1057 541 1114 fovebatque
565 1057 744 1099 effusius
761 1071 891 1112 quam
910 1058 1096 1113 principi
1114 1057 1300 1100 feminae
1312 1058 1655 1101 convenit'Plin.
1669 1074 1730 1113 ep.
1748 1062 1786 1109 7,
1800 1061 2001 1112 24,3seq.

270 1126 547 1171 Casinatibus
569 1124 695 1180 (unde
714 1128 846 1179 pater
867 1128 961 1167 erat
986 1126 1207 1182 oriundus)
1230 1126 1594 1183 amphitheatrum
1617 1134 1660 1168 et
1680 1126 1888 1183 templum
1926 1142 2003 1168 sua

271 1194 562 1253 pecuniafecit
590 1197 619 1236 t.
642 1197 681 1236 1.
728 1194 916 1236 Domum
940 1194 1175 1250 aliquando
1198 1194 1246 1239 C.
1270 1194 1405 1238 Cassii
1430 1196 1654 1250 (Longini)
1675 1195 1866 1252 possedit
1886 1195 2001 1240 Plin.

273 1279 335 1320 ep.
365 1267 402 1316 7,
424 1267 494 1314 24,
516 1265 558 1306 8.
609 1263 808 1304 Decessit
839 1261 984 1318 paullo
1015 1264 1157 1305 minus
1189 1265 1450 1317 octogesimo
1481 1264 1635 1306 aetatis
1667 1279 1779 1307 anno
1813 1267 1849 1315 7,
1871 1268 1942 1315 24,
1964 1267 2002 1314 1,

270 1333 453 1376 heredes
502 1331 681 1388 reliquit
730 1330 778 1374 C.
830 1331 1100 1375 Ummidium
1151 1331 1421 1384 Quadratum
1472 1338 1694 1388 nepotem,
1746 1339 1788 1374 et
1830 1339 2003 1388 neptem

272 1403 415 1458 (cuius
445 1416 604 1444 nomen
634 1401 878 1456 ignoratur)
911 1404 948 1451 7,
979 1402 1050 1451 24,
1082 1404 1126 1444 2.

185 1473 267 1516 607
299 1473 480 1526 Unicus,
513 1470 865 1525 consanguineus
887 1469 1114 1524 Martialis,
1147 1470 1339 1511 carmina
1370 1469 1567 1524 faciebat,
1598 1476 1645 1511 ut
1677 1476 1719 1512 et
1747 1469 1882 1512 frater
1911 1471 2003 1511 eius

272 1540 475 1584 Martial.
506 1543 577 1590 12,
607 1542 673 1583 44.

186 1611 270 1654 608
300 1610 536 1664 Voconius,
560 1609 725 1650 amicus
746 1607 974 1659 Hadriani,
997 1614 1134 1664 poeta,
1159 1608 1203 1649 in
1224 1608 1348 1650 cuius
1370 1607 1536 1650 tumulo
1553 1607 1804 1649 Hadrianus
1826 1606 2002 1649 inscribi

272 1679 431 1734 voluit,
462 1677 675 1720 lascivum
706 1692 853 1731 versu,
887 1684 1031 1718 mente
1061 1676 1267 1732 pudicum
1300 1691 1399 1718 eum
1429 1676 1564 1718 fuisse
1594 1675 1763 1730 Apulei.
1797 1675 1907 1730 apol.
1940 1679 2004 1718 11.

269 1747 417 1790 Possis
447 1747 633 1802 coyitare
665 1746 714 1788 de
745 1745 927 1788 Voconio
958 1745 1122 1788 Victore
1153 1745 1293 1800 (infra
1321 1759 1364 1787 n.
1395 1748 1504 1801 613),
1537 1746 1656 1787 cuius
1686 1746 1878 1787 amicitia
1905 1759 2006 1786 sane

270 1816 526 1861 Hadrianus
556 1815 800 1858 adulescens
829 1815 924 1869 frui
943 1815 1100 1870 potuit.

184 1886 269 1930 609
302 1886 351 1930 C.
383 1886 606 1928 Voconius
638 1884 855 1938 Placidus,
888 1883 937 1928 C.
969 1883 1011 1936 f.‚
1044 1883 1162 1926 tribu
1185 1882 1295 1938 Gal,
1330 1884 1513 1939 Sagunti
1546 1883 1781 1925 honoribus
1812 1883 2001 1937 functus,

270 1963 395 2012 pater
425 1953 475 1997 O.
507 1954 664 1996 Licinii
696 1953 858 1995 Marini
889 1953 1073 1996 Voconii
1112 1953 1318 2007 Romani,
1360 1954 1487 1994 amici
1520 1952 1649 1994 Plinii
1683 1955 1710 1996 t.
1743 1952 2006 2006 Sayuntinus

269 2024 334 2067 II
353 2026 476 2066 3865.

197 2118 256 2123 -
299 2100 340 2136 O.
372 2098 593 2135 LICINIVS
625 2097 853 2133 MARINVS
885 2096 1133 2132 VOOONIVS
1165 2097 1420 2134 ROMANVS.

185 2163 270 2206 610
301 2161 354 2215 Q.
376 2162 599 2204 Voconius
634 2160 786 2215 Pollio,
820 2160 1020 2202 dominus
1047 2159 1180 2201 villae
1211 2162 1254 2202 in
1289 2174 1394 2215 agro
1417 2159 1587 2202 Albano
1609 2160 1689 2202 XI
1695 2160 1867 2202 V2436.
1890 2162 2006 2202 4226

276 2232 332 2286 cf.
353 2233 485 2275 2427.
535 2230 742 2272 Eiusdem
775 2243 926 2271 servus
957 2229 1222 2284 siynaeulum
1252 2229 1299 2271 in
1325 2228 1515 2271 Bruttiis
1542 2243 1629 2283 rep.
1651 2229 1700 2271 X
1724 2231 1848 2279 8059,
1878 2231 1971 2271 441.

186 2301 264 2343 611
303 2307 347 2351 Q.
368 2305 619 2341 VOCONIVS
651 2305 783 2340 SAXA
810 2303 1153 2352 AMYNTIANVS,
1186 2296 1301 2339 filius
1333 2299 1426 2339 eius
1449 2298 1521 2353 qui
1554 2298 1750 2353 sequitur
1782 2301 1808 2339 t.
1831 2296 2007 2339 Phaseli

271 2370 318 2411 in
349 2369 485 2424 Dyeia
513 2382 616 2422 rep„
650 2366 749 2410 bull.
781 2366 830 2408 de
857 2380 966 2408 corr.
998 2365 1093 2410 hell.
1125 2366 1255 2416 XIV,
1288 2369 1397 2408 1890
1418 2380 1468 2420 p.
1491 2369 1583 2408 643.

186 2440 270 2482 612
302 2445 346 2489 Q.
376 2443 626 2479 VOCONIVS
669 2442 799 2478 SAXA
838 2442 1000 2479 FIDVS.
1067 2436 1112 2478 T.
1145 2435 1324 2477 Phaseli
1352 2436 1398 2477 in
1428 2436 1565 2490 Isycia
1593 2450 1701 2489 rep.,
1732 2434 1818 2488 ipsi
1846 2437 1886 2475 et
1914 2433 2003 2487 filio

268 2508 449 2563 positus,
478 2506 595 2550 Bull.
619 2505 668 2547 de
689 2519 798 2549 corr.
820 2504 916 2547 hell.
938 2507 1052 2546 1890
1065 2519 1111 2559 p.
1130 2508 1210 2547 643
1230 2505 1303 2559 (1).
1356 2503 1625 2546 Memoratur
1659 2505 1703 2546 in
1738 2506 1766 2544 t.
1796 2502 2006 2556 Cyanensi

272 2576 443 2632 Lyciae,
476 2590 546 2630 ap.
567 2573 849 2628 Boryhesium
871 2587 966 2627 opp.
987 2575 1027 2623 8,
1050 2576 1148 2624 276,
1180 2574 1279 2614 item
1301 2587 1369 2626 ap.
1394 2573 1636 2615 Kalinkam
1656 2572 1794 2614 Eran.
1829 2570 2001 2612 Vindob.

273 2645 414 2701 (1893)
447 2660 495 2699 p.
527 2647 584 2685 83
615 2643 690 2699 (2),
732 2643 778 2685 in
812 2643 1087 2696 inscriptione
1124 2642 1331 2684 mausolei
1369 2642 1609 2696 Opramoae
1639 2639 2002 2694 Rhodiapolitano

272 2714 429 2757 Reisen
456 2715 502 2756 in
532 2713 697 2767 Isykien
717 2726 766 2766 p.
793 2714 883 2755 108.
915 2715 1008 2754 109.
1041 2715 1136 2754 112.
1167 2714 1260 2762 113,
1291 2712 1391 2753 item
1422 2726 1490 2765 ap.
1518 2710 1738 2763 Heberdzy
1767 2709 2004 2762 Opramoas

269 2798 317 2838 p.
347 2786 416 2826 31.
445 2786 512 2825 34.
543 2786 610 2825 43.
640 2785 698 2824 47
725 2780 800 2837 (3),
843 2781 889 2823 in
931 2783 956 2822 t.
996 2780 1250 2823 Comameno
1287 2780 1482 2822 Pisidiae
1513 2780 1601 2822 III
1626 2779 1671 2822 S.
1704 2780 1813 2820 6885
1845 2777 1916 2831 (4),
1957 2776 2002 2816 in

279 2851 505 2907 Giythensi
531 2850 714 2904 Africae
745 2849 860 2892 VIII
890 2849 936 2893 S.
968 2852 1105 2892 11029
1137 2848 1207 2904 (5).

361 2920 414 2973 Q.
444 2919 667 2962 Voconius
700 2918 819 2961 Saxa
848 2917 985 2959 Fidus
1016 2921 1044 2961 t.
1065 2921 1103 2959 1.
1125 2921 1164 2967 4,
1199 2916 1363 2963 Κόιντος
1392 2916 1605 2961 ]ὐοκώνιος
1636 2915 1799 2966 Σάὲα(ς)
1832 2917 1859 2955 t.
1880 2916 1908 2954 3
1939 2914 2002 2954 bis

270 3004 317 3043 p.
338 2992 404 3033 43.
424 2992 481 3030 47
498 2987 719 3041 Heberdey
748 2986 991 3041 (Οὐοκώνιος
1019 2986 1147 3032 Σάὲας
1172 2986 1230 3029 ib.
1253 3000 1301 3040 p.
1322 2989 1374 3027 31
1397 2984 1628 3037 Heberdey,
1668 2983 1878 3028 Βοκώνιος
1898 2982 1951 3023 Σ.
1966 3014 1975 3023 .
1992 3013 2001 3023 .

275 3058 330 3100 ib.
352 3072 400 3112 p.
421 3058 505 3111 34),
538 3056 759 3099 Voconius
792 3055 910 3098 Saxa
941 3054 1044 3108 Diy.
1075 3056 1144 3104 48,
1177 3057 1243 3104 18,
1276 3058 1314 3104 1,
1345 3057 1416 3103 27,
1455 3054 1551 3094 item
1583 3055 1607 3094 t.
1639 3054 1682 3101 2,
1853 3048 2002 3103 [Slaxa

274 3125 409 3168 Fidus
441 3128 469 3169 t.
499 3127 538 3169 5.
598 3124 804 3167 Fortasse
845 3123 1049 3166 oriundus
1087 3137 1115 3164 a
1151 3123 1198 3176 Q.
1232 3122 1411 3164 Voconio
1442 3121 1571 3174 Saxa,
1612 3120 1686 3173 qui
1714 3133 1753 3160 a.
1783 3132 1825 3159 u.
1857 3131 1890 3161 c.
1921 3120 2001 3160 585

274 3194 402 3250 leyem
433 3193 531 3236 tulit
556 3193 606 3235 de
632 3192 855 3235 mulierum
885 3191 1203 3241 hereditatibus,
1236 3204 1488 3244 quamquam
1511 3189 1578 3230 hic
1598 3189 1683 3241 fuit
1703 3202 1753 3229 ex
1771 3187 2001 3240 municipio

272 3263 452 3305 Aricino
494 3261 567 3316 (cf.
605 3261 721 3305 CIL.
756 3261 881 3304 XIV
898 3276 944 3316 p.
966 3260 1082 3314 203),
1125 3260 1235 3314 quod
1272 3261 1319 3301 in
1357 3259 1546 3301 Horatia
1587 3257 1701 3298 tribu
1741 3256 1998 3304 censebatur,

274 3334 362 3388 ipsc
402 3334 541 3374 autem
581 3331 738 3373 tribum
781 3330 947 3372 videtur
987 3329 1183 3371 habuisse
1224 3328 1444 3371 diversam.
1515 3326 1652 3367 Tribu
1694 3357 1703 3366 .
1722 3358 1731 3366 .
1751 3357 1760 3366 .
1780 3357 1789 3366 .
1804 3323 1861 3365 lia
1902 3327 1928 3367 t.
1960 3327 1998 3367 1.
