2242 3672
182 259 468 296 TERENTIVS
1049 253 1133 295 303
1715 256 2001 293 TERENTIVS

180 393 237 436 63
267 392 499 435 Terentius
530 392 732 447 Priscus,
774 393 845 434 cui
876 391 1095 435 dedicavit
1124 390 1386 434 Plutarchus
1418 389 1614 433 libellum
1645 388 1699 431 de
1731 387 2003 431 oraculorum

265 460 435 504 defectu
464 460 580 503 Plut.
612 475 717 503 mor.
741 475 790 515 p.
809 463 904 503 409.

179 530 236 573 64
265 537 312 573 A.
335 536 621 572 TERENTIVS
643 530 879 584 PVDE(N)S
910 529 1069 572 sodalis
1092 529 1348 585 Augustalis
1379 535 1604 586 cooptatus
1635 544 1673 570 a.
1696 528 1802 582 2293
1834 528 1876 569 in
1911 527 2002 569 cius

267 598 412 642 locum
442 599 551 642 alius
577 599 716 641 factus
748 614 786 640 a.
818 600 902 641 230
940 598 1009 641 VI
1025 601 1149 643 1984.

179 669 233 712 65
264 676 310 710 A.
333 674 617 711 TERENTIVS
638 674 835 710 PVDENS
853 674 1175 710 VTTEDIANVS
1194 669 1477 723 (praenomen
1486 681 1651 722 persor.
1671 665 1811 720 Olus),
1835 666 2003 721 legatus

264 736 410 792 Augg.
441 736 626 791 legionis
656 736 771 779 XIII
803 736 1027 791 Geminae,
1064 736 1233 791 legatus
1264 736 1408 792 Augg.
1441 752 1520 794 pro
1552 742 1687 793 praet.
1721 734 2004 791 [pr]ovinciae

263 806 481 861 R(a)etiae
512 808 539 847 t.
571 804 762 847 Dacicus
792 805 884 847 III
907 808 1002 848 993.

179 874 235 917 66
266 874 497 916 Terentius
540 873 702 927 Rufus,
745 888 782 915 a.
816 874 870 916 70
911 873 1002 915 dux
1042 875 1259 916 exercitus
1290 890 1316 916 a
1347 875 1446 917 Tito
1478 873 1794 930 Hierosolymis
1826 872 2002 915 relictus

262 942 467 997 Iosephus
500 942 596 985 bell.
630 946 667 993 7,
700 946 743 993 2,
775 945 819 986 2.

164 1011 231 1054 ’67
263 1011 318 1065 Q.
340 1011 571 1053 Terentius
593 1011 746 1065 Rufus,
771 1018 894 1067 pater
916 1012 1147 1054 Terentiae
1169 1012 1352 1055 Rufillae
1375 1013 1556 1068 virginis
1581 1011 1767 1055 Vestalis
1802 1011 1868 1055 VI
1878 1014 2001 1055 2135.

179 1080 234 1124 68
265 1086 312 1125 D.
344 1086 630 1122 TERENTIVS
673 1086 998 1122 scAVRIAst.
1070 1081 1204 1123 Tituli
1232 1080 1391 1124 Dacicz'
1419 1082 1508 1124 ΙΙΙ
1531 1084 1640 1123 1081
1672 1080 1746 1137 (1).
1779 1084 1886 1124 1443
1916 1079 2004 1135 (2),-

223 1154 225 1156 ’
261 1151 521 1192 memoratur
562 1149 606 1191 in
646 1148 875 1203 diplomate
914 1149 1099 1192 militari
1127 1151 1216 1193 III
1230 1165 1278 1204 p.
1300 1153 1383 1192 868
1413 1151 1485 1208 (3).
1553 1150 1659 1193 Tria
1696 1151 1872 1193 nomina
1903 1154 1931 1195 t.
1962 1154 2001 1201 3,

265 1218 531 1262 Scaurianus
562 1220 590 1260 t.
612 1220 651 1261 1.
674 1220 717 1261 2.
770 1218 962 1273 Legatus
994 1233 1072 1275 pro
1104 1233 1168 1275 pr.
1201 1219 1367 1261 Daciae
1398 1235 1434 1261 a.
1465 1220 1541 1262 110
1573 1222 1601 1262 t.
1622 1222 1650 1261 3
1682 1218 1781 1273 (sub
1812 1219 2001 1262 Traiano

264 1290 291 1330 t.
321 1290 377 1339 2,·
406 1287 453 1329 in
484 1289 512 1329 t.
545 1290 571 1329 1
600 1286 711 1329 nihil
741 1287 1003 1330 adscribitur
1033 1287 1092 1330 ad
1120 1287 1358 1331 Scauriani
1386 1290 1568 1342 nomen).

92 1385 99 1391 ·
181 1356 237 1398 69
268 1356 538 1411 (Terentius)
563 1355 812 1410 Scaurinus,
846 1357 1153 1411 grammaticus
1175 1357 1372 1411 Latinus,
1408 1357 1572 1411 Scauri,
1602 1359 1676 1413 qui
1697 1358 2004 1412 grammaticus

265 1424 481 1467 Hadriani
514 1425 658 1468 fuerat
689 1425 758 1480 (Q.
796 1426 983 1468 Terentii
1011 1426 1181 1481 Scauri,
1215 1427 1304 1469 cius
1334 1428 1408 1481 qui
1434 1426 1638 1481 sequitur)
1670 1426 1797 1481 filius,
1830 1426 2003 1469 auditus

263 1508 289 1535 a
309 1493 426 1536 Vero
447 1494 518 1536 vit.
542 1493 642 1537 Veri
659 1497 702 1545 2,
724 1498 763 1538 5.
807 1495 938 1537 Pater
961 1495 1174 1550 Scaurini,
1199 1510 1323 1552 quern
1348 1495 1517 1538 audivit
1539 1495 1729 1538 Severus
1751 1494 2004 1537 Alexander

261 1563 334 1605 vit.
365 1562 491 1606 Aleae.
522 1566 562 1615 3,
592 1566 633 1606 3.

177 1631 232 1674 70
264 1631 536 1687 (Terentius)
566 1632 819 1688 Scaurinus,
853 1633 1053 1676 Scaurini
1079 1633 1206 1683 filius,
1239 1636 1560 1689 grammaticus,
1588 1634 1756 1676 ‘doctor
1778 1633 2004 1676 celeberri-

260 1707 388 1754 mus‘,
421 1701 584 1744 Romae
615 1701 788 1744 auditus
819 1718 845 1744 a
876 1703 1040 1746 Severo
1072 1701 1326 1745 Alexandro
1356 1703 1427 1747 vit.
1459 1702 1582 1747 Alex.
1613 1706 1653 1753 3,
1684 1706 1724 1747 3.

176 1769 227 1812 71
263 1769 317 1823 Q.
333 1769 564 1812 Terentius
583 1769 772 1813 Scaurus
795 1771 902 1824 (tria
921 1772 1098 1814 nomina
1119 1772 1285 1815 exhibet
1301 1771 1528 1815 Charisius
1539 1787 1587 1827 p.
1599 1775 1704 1823 202,
1720 1774 1791 1815 28.
1814 1775 1914 1822 210,
1929 1775 2000 1823 21,

261 1838 493 1881 Terentius
526 1838 715 1882 Scaurus
745 1839 922 1891 Gellius,
965 1841 1060 1883 item
1094 1840 1238 1883 Plinii
1267 1841 1396 1884 codex
1424 1840 1746 1883 Riccardianus
1775 1841 1821 1882 in
1850 1840 2000 1891 indice,

257 1910 490 1962 praeterea
510 1907 733 1963 Scaurus).
775 1908 1005 1951 ‘Hadriani
1026 1911 1351 1964 grammaticus'
1375 1910 1447 1952 vit.
1468 1909 1568 1952 Veri
1587 1913 1629 1960 2,
1652 1912 1679 1952 5
1699 1910 1753 1964 cf.
1774 1909 2003 1952 Charisius

263 1976 337 2021 lib.
369 1977 431 2019 II
451 1991 500 2031 p.
530 1980 628 2028 209,
662 1980 721 2020 12
748 1991 855 2032 seq„
891 1978 996 2020 ‘divi
1028 1978 1242 2021 Hadriani
1283 1979 1550 2035 temporibus
1591 1979 1901 2034 grammaticus
1932 1977 2002 2019 vel

262 2044 570 2088 nobilissimus'
603 2046 770 2089 Gellius
799 2051 866 2098 11,
889 2050 954 2099 15,
975 2051 1014 2090 3.
1064 2049 1168 2090 Eius
1200 2048 1361 2091 iudicio
1395 2049 1478 2090 iam
1512 2049 1628 2090 circa
1658 2063 1696 2090 a.
1722 2049 1800 2090 105
1834 2047 2000 2089 Plinius

261 2116 501 2157 orationem
524 2115 711 2172 aliquam
743 2131 866 2158 suam
898 2117 1099 2159 submisit
1116 2117 1231 2159 Plin.
1255 2132 1317 2171 ep.
1338 2121 1376 2168 5,
1396 2121 1447 2160 11
1469 2118 1587 2172 (nam
1608 2116 1741 2159 alium
1762 2116 2000 2158 Terentium

262 2183 473 2226 Scaurum
495 2184 683 2239 intelleyi
700 2200 786 2228 non
806 2185 1087 2240 crediderim).
1128 2186 1191 2229 Ut
1212 2186 1370 2228 nobilis
1399 2187 1707 2241 grammaticus
1738 2192 2003 2226 memoratur

264 2251 428 2296 Arnob.
452 2256 490 2303 1,
511 2255 586 2305 59;
617 2253 779 2298 Auson.
803 2255 922 2308 epist.
945 2257 1001 2297 18
1027 2268 1063 2298 v.
1086 2258 1156 2305 27,
1191 2268 1332 2309 opusc.
1352 2258 1391 2305 3,
1414 2258 1484 2299 20.
1541 2254 1717 2308 Scripta
1747 2255 1835 2296 eius
1866 2254 2001 2296 citant

267 2320 433 2364 Gellius
464 2320 491 2365 l.
524 2334 578 2371 c.‚
623 2321 863 2376 Porphyrio
895 2322 953 2364 ad
981 2322 1090 2365 Hor.
1121 2326 1201 2365 sat.
1235 2327 1277 2373 2,
1310 2326 1348 2374 5,
1380 2326 1450 2374 92,
1490 2322 1727 2373 Charisius,
1759 2322 1998 2373 Diomedes,

260 2388 350 2439 alii,
374 2391 491 2431 extat
514 2389 734 2443 particula
759 2390 826 2432 ‘de
848 2390 1168 2445 orthoyraphia'
1190 2391 1239 2434 de
1265 2392 1461 2446 operibus
1482 2392 1572 2434 eius
1591 2392 1774 2442 sublata,
1805 2391 1998 2433 Gramm.

258 2457 358 2499 Lat.
391 2457 452 2502 ed.
485 2458 591 2500 Keil
623 2462 650 2500 7
670 2473 716 2513 p.
750 2463 802 2501 11
832 2473 914 2513 seq.
982 2459 1049 2514 Cf.
1093 2459 1255 2512 Teuffel
1292 2461 1396 2503 Litt.
1437 2461 1469 2515 ἕ
1498 2463 1595 2511 352,
1627 2465 1660 2504 1.
1695 2464 1738 2503 2.
1773 2487 1823 2492 -
1868 2460 1999 2503 Pater

259 2525 459 2568 Scaurini
491 2528 763 2581 grammatici
794 2528 866 2570 vit.
902 2527 1001 2570 Veri
1027 2532 1070 2579 2,
1102 2534 1140 2572 5.

175 2594 228 2637 72
259 2600 546 2637 TERENTIVS
581 2602 773 2638 STRABO
806 2603 1022 2639 ERVCIVS
1053 2604 1326 2640 HOMVLLVS
1370 2597 1521 2640 consul
1560 2598 1656 2640 suff.
1694 2613 1841 2640 mense
1871 2599 1997 2640 Iunio

257 2679 294 2705 a.
327 2664 382 2705 83
422 2679 521 2706 cum
552 2665 694 2708 Tettio
727 2665 897 2708 Iuliano
930 2666 1031 2722 dipl.
1063 2667 1151 2710 mil.
1184 2667 1291 2723 (III
1313 2667 1359 2710 S.
1383 2682 1431 2722 p.
1452 2667 1595 2718 1962).
1654 2667 1721 2721 Cf.
1753 2681 1886 2722 supra
1919 2667 1996 2709 sub

258 2733 309 2774 L.
348 2732 541 2776 Terentio
570 2734 774 2777 Homullo
804 2735 992 2778 Iuniore.

174 2800 229 2844 73
260 2807 545 2845 TERENTIVS
576 2810 789 2846 TVLLIVS
822 2810 1047 2846 GEMINVS
1080 2805 1229 2847 consul
1262 2805 1358 2848 suff.
1391 2821 1538 2847 mense
1568 2805 1676 2849 Dee.
1709 2821 1746 2849 a.
1780 2806 1861 2847 inc.
1896 2819 1997 2847 cum

255 2870 315 2914 M.
351 2871 473 2912 lunio
500 2870 653 2914 Silano
686 2872 836 2927 (supra
866 2873 900 2915 I
921 2874 1017 2927 555)
1050 2877 1077 2916 t.
1109 2875 1302 2916 urbanus
1340 2888 1409 2929 ap.
1449 2874 1695 2916 Marinium
1725 2873 1830 2916 Arv.
1854 2888 1901 2928 p.
1926 2876 1995 2917 72.

257 2937 323 2992 Cf.
354 2939 478 2993 infra
506 2940 582 2982 sub
621 2940 762 2984 Tullio
789 2940 982 2984 Gemino.

171 3007 228 3050 74
257 3015 303 3053 A.
336 3014 622 3050 TERENTIVS
654 3015 824 3051 VARRO
856 3017 1072 3052 MVRENA
1104 3011 1225 3065 (raro
1258 3011 1452 3053 Licinius
1483 3010 1680 3065 Murena,
1711 3011 1759 3052 L.
1793 3011 1994 3065 Murena)

256 3075 407 3118 consul
427 3092 463 3118 a.
489 3076 582 3119 731.
630 3077 683 3122 A.
707 3078 744 3120 T
763 3110 886 3121 .....
920 3078 1093 3134 [Var]r0
1126 3080 1311 3122 Murena
1341 3079 1449 3133 fasti
1467 3078 1702 3133 Capitolini
1728 3080 1804 3121 sub
1837 3093 1877 3122 a.
1902 3082 1992 3129 731,

254 3144 309 3188 A.
332 3145 563 3188 Terentius
587 3146 714 3190 Varr.
739 3147 924 3190 Murena
952 3148 1077 3191 XIV
1090 3152 1203 3191 2109
1235 3147 1371 3202 (quem
1402 3149 1567 3190 titulum
1600 3161 1701 3190 sanc
1733 3148 1786 3189 ab
1815 3147 1891 3190 hoc
1923 3147 1995 3189 ab·

253 3213 461 3256 iudicavit
490 3213 750 3269 Borghesius
781 3230 876 3270 opp.
911 3221 947 3267 7,
979 3219 1073 3268 488,
1117 3217 1400 3271 antiquiorem
1439 3217 1635 3259 iudicans
1664 3216 1884 3270 Auyusto;
1922 3217 1997 3259 sed

256 3284 395 3324 tamen
435 3283 563 3324 etiam
593 3284 750 3337 primis
790 3284 980 3340 Auyusti
1019 3287 1143 3328 annis
1183 3285 1299 3328 tituli
1337 3287 1402 3327 ita
1431 3286 1756 3339 scribebantur),
1791 3283 1994 3341 Τερέντιος

255 3348 449 3407 Οὐάρρων
482 3351 644 3394 Strabo
672 3356 699 3395 4
721 3367 769 3407 p.
792 3356 893 3404 206,
936 3353 1024 3397 Dio
1054 3357 1121 3406 53,
1152 3356 1224 3405 25,
1255 3354 1398 3397 Varro
1439 3354 1623 3397 Murena
1663 3357 1691 3396 t.
1723 3353 1993 3396 suburbanus
