2242 3672
172 212 429 251 vocomvs·
443 219 449 222 ’
1041 213 1126 257 473
1709 220 1990 261 VOLGACIVS

189 366 191 370 v
260 344 332 400 (cf.
354 347 394 397 8,
419 345 488 400 63)
520 360 630 402 puer
656 349 694 398 7,
713 351 785 399 29,
807 322 839 390 1
864 349 936 403 (cf.
955 353 1024 401 11,
1048 353 1114 402 78,
1136 354 1197 408 2),
1217 360 1358 409 'quem
1380 353 1509 396 etiam
1531 353 1796 398 carminibus
1817 354 1992 398 videtur

258 413 546 458 celebravisse
565 415 623 458 ib.
643 419 682 467 7,
704 420 776 468 29,
798 420 841 460 2.
875 418 1068 461 Uxorem
1089 420 1250 464 ducere
1270 421 1365 464 vult
1383 425 1449 474 11,
1474 425 1539 465 78.
1581 422 1789 466 Eiusdem
1807 425 1992 467 nominis

259 483 427 539 aliquis,
458 484 533 527 sed
559 485 631 527 vix
664 485 745 528 huc
766 487 999 541 pertinens,
1032 489 1114 532 IX
1141 493 1239 533 323.

172 564 261 607 614
292 564 377 620 [Q.]
417 564 642 608 Voconius
680 565 855 609 Vitulus
895 567 1002 622 (pro
1042 568 1095 621 Q.
1131 571 1411 624 praenomine
1452 571 1640 614 traditur
1670 571 1756 628 0.),
1798 572 1939 628 (miles
1950 572 1992 628 ?)

262 632 444 689 legionis
483 634 622 678 XXII
663 634 955 690 Primigeniae
994 637 1092 693 piae
1131 637 1295 694 fidelis,
1337 640 1603 697 temporibus
1634 641 1702 683 Pii
1743 648 1791 684 ut
1820 642 1994 685 videtur

262 705 290 744 t.
319 702 555 746 Rhenanus
581 703 707 746 semel
736 706 901 746 tantum
931 704 1177 760 descriptus,
1209 712 1278 762 ap.
1304 707 1564 752 Brasmbach.
1595 722 1637 751 n.
1659 711 1778 753 1540.
1835 710 1995 766 Recepi

199 791 202 794 ⁴
256 774 437 826 propter
456 785 607 815 nomen
625 771 789 823 nobile;
824 772 870 825 Q.
900 771 1108 816 Voconius
1138 773 1303 818 Vitulus
1322 777 1588 830 quattuor-vir
1607 777 1828 821 monetalis
1846 779 1994 833 fuerat

262 841 381 883 circa
411 855 452 883 a.
483 843 702 883 716—718
731 840 910 896 (Eckhel
934 844 974 892 5,
996 844 1080 884 344
1112 843 1167 896 cf.
1191 843 1388 888 Momms.
1409 844 1505 887 hist.
1529 845 1595 887 rei
1613 859 1726 888 num.
1749 861 1798 901 p.
1820 847 1934 902 742).

190 933 247 938 -
290 915 331 953 P.
363 911 617 965 FL(AVIVS)
648 915 846 952 PVDENS
877 916 1237 954 POMPONIANVS
1266 913 1389 968 signo
1420 913 1677 957 Vocontius.

189 1001 248 1008 —
278 984 333 1021 ⁴C.
364 985 567 1021 DILLIVS
599 984 816 1022 VOCVLA.

189 1070 247 1077 —
292 1053 607 1090 SARIOLENVS
637 1052 851 1091 VOCVLA.

177 1129 262 1171 615
294 1127 573 1183 Volaginius‚
615 1127 740 1170 miles
780 1128 1031 1183 gregarius,
1073 1130 1148 1185 qui
1186 1144 1225 1172 a.
1255 1130 1311 1173 42
1351 1130 1420 1185 (L.
1453 1130 1712 1173 Arruntium
1744 1130 1992 1187 Camillum)

267 1197 601 1240 Scribonianum
631 1196 868 1248 interfecit,
901 1196 956 1239 ob
989 1211 1082 1239 eam
1114 1212 1205 1240 rem
1239 1198 1311 1240 ‘ad
1340 1214 1509 1242 summa
1537 1198 1716 1242 militiae
1746 1207 1991 1258 provectus'

268 1266 367 1311 Tac.
398 1266 439 1309 h.
467 1269 512 1317 2,
546 1268 609 1310 75.

178 1347 262 1390 616
294 1348 374 1403 (C.)
406 1352 712 1389 VOLASENNA
753 1346 1036 1401 (praenomen
1070 1361 1120 1389 ex
1148 1347 1330 1398 vasculo,
1368 1361 1405 1391 v.
1435 1348 1571 1403 infra)
1603 1348 1835 1405 proconsul
1863 1349 1996 1393 Asiae

265 1417 378 1458 inter
407 1430 543 1458 annos
565 1417 619 1459 62
641 1422 684 1458 et
704 1417 758 1458 65
790 1420 921 1471 (anno
951 1416 1052 1459 62s3
1080 1419 1128 1458 ut
1148 1419 1279 1470 putat
1307 1416 1607 1472 Waddinyton,
1630 1421 1865 1472 propterea
1888 1418 1999 1472 quod

263 1485 521 1539 reliquorum
547 1498 757 1528 annorum
776 1484 903 1527 huius
922 1484 1123 1539 temporis
1144 1484 1420 1539 proconsules
1442 1485 1550 1528 alios
1568 1487 1774 1543 novimus)
1804 1500 1999 1530 nummus

263 1554 594 1610 Ancyranorwm
624 1552 842 1608 Phryyiae
872 1566 966 1596 cum
997 1553 1209 1608 capitibus
1239 1553 1427 1596 Neronis
1457 1556 1497 1596 et
1524 1554 1749 1609 Poppaeae
1778 1554 1998 1610 Auyustae

265 1638 332 1678 ap.
368 1623 566 1665 Mionnet
595 1622 676 1665 IV
688 1625 792 1673 220,
819 1624 900 1665 153
929 1642 985 1657 =
1017 1622 1305 1677 Waddinyton
1333 1622 1466 1676 fastes
1493 1637 1535 1665 n.
1559 1626 1637 1674 90;
1667 1623 1779 1666 alius
1806 1637 1998 1666 nummus

265 1692 490 1735 eorundem
523 1691 853 1747 Ancyranorum
893 1692 1090 1746 temporis
1127 1691 1385 1734 indicatione
1424 1691 1655 1747 destitutus,
1699 1706 1768 1747 ap.
1802 1692 1999 1735 Mionnet

276 1761 372 1805 VII
404 1761 606 1816 supplem.
644 1763 748 1812 503,
785 1764 867 1803 104
902 1762 1018 1817 (item
1059 1775 1128 1815 ap.
1159 1760 1367 1817 Imhoof).
1435 1759 1592 1803 Consul
1630 1759 1832 1813 suffectus
1869 1762 2002 1816 fuerit

263 1843 426 1872 necesse
461 1833 522 1873 est
560 1830 677 1872 circa
718 1843 878 1872 annum
915 1832 970 1872 53
1003 1829 1067 1872 vel
1097 1831 1164 1872 54.
1227 1828 1433 1872 Fortasse
1472 1829 1597 1871 huius
1638 1829 1686 1873 C.
1730 1829 1999 1873 Volasennae

264 1913 414 1941 nomen
447 1899 495 1941 in
532 1898 703 1941 vasculo
733 1898 955 1953 Emporiis
992 1913 1079 1954 rep.
1094 1932 1104 1950 ‚
1136 1898 1198 1941 II
1218 1897 1265 1941 S.
1297 1901 1420 1949 6257,
1453 1901 1551 1941 217.
1614 1897 1847 1941 Praeterea
1875 1899 2001 1941 huius

266 1969 450 2022 fortasse
491 1968 666 2011 libertus
704 1967 753 2012 C.
795 1967 1046 2011 Volasenna
1084 1967 1134 2011 C.
1171 1967 1199 2010 1.
1238 1968 1398 2010 Herm.
1418 2000 1428 2010 .
1446 2000 1456 2010 .
1502 1967 1645 2010 album
1683 1967 2001 2011 Herculanense

264 2037 313 2081 X
338 2040 447 2080 1403
478 2052 506 2080 a
535 2041 600 2080 16.
659 2037 891 2094 (Pompeiis
919 2038 966 2080 in
994 2037 1115 2080 aditu
1145 2037 1292 2080 domus
1322 2037 1503 2079 alicuius
1531 2037 1824 2091 scariphatum
1851 2051 2000 2080 nomen

269 2107 485 2150 Volasena
514 2106 594 2149 IV
613 2109 753 2159 3102).

181 2188 263 2231 617
295 2193 621 2230 VOLASENNIA
651 2193 840 2229 TERTIA
872 2186 921 2230 C.
953 2186 997 2241 f.,
1031 2187 1109 2242 (M.
1132 2186 1281 2240 Nonii)
1312 2184 1441 2227 Balbi
1473 2186 1704 2241 (praetoris
1734 2186 2000 2242 temporibus

267 2264 316 2299 ut
346 2257 519 2299 videtur
549 2256 757 2311 Augusti)
790 2272 912 2310 uxor,
945 2255 1208 2298 Herculanei
1242 2256 1394 2297 statuis
1425 2253 1636 2296 honorata
1664 2254 1710 2297 X
1730 2257 1847 2296 1435.
1878 2257 1999 2297 1436.

267 2330 387 2369 1437.
448 2326 623 2381 Oriyine
659 2329 707 2367 ut
738 2329 845 2380 puto
878 2325 1210 2368 Herculanensis
1250 2325 1367 2379 (nam
1406 2324 1587 2365 maritus
1626 2323 1716 2365 eius
1757 2322 2000 2365 Nucerinus

267 2396 384 2452 fuit).
438 2395 511 2437 Ex
537 2398 659 2450 yente
687 2394 852 2438 violetur
883 2395 973 2436 eius
1003 2409 1110 2449 quae
1138 2392 1373 2448 praecedit.
1428 2392 1520 2434 Aut
1547 2392 1685 2442 liuius,
1718 2394 1793 2433 aut
1823 2391 1999 2433 alterius

267 2464 458 2506 mulieris
487 2478 538 2506 ex
568 2464 712 2506 eadem
744 2467 877 2518 yente,
911 2464 1055 2506 liberti
1083 2463 1132 2506 C.
1155 2461 1435 2517 Vola[s]enna
1459 2460 1497 2503 J.
1529 2460 1556 2503 l.
1587 2460 1765 2513 Thales,
1799 2459 1847 2503 O.
1871 2460 1997 2502 Vola-

269 2548 404 2576 senna
430 2533 468 2578 ).
500 2533 528 2575 l.
561 2534 644 2576 Vi.
665 2566 674 2575 .
692 2566 701 2575 .
733 2533 877 2575 album
907 2532 1225 2575 Herculanense
1254 2531 1300 2573 X
1326 2533 1446 2580 1403,
1455 2544 1484 2583 9
1513 2533 1553 2582 3,
1582 2532 1690 2579 36,α
1720 2532 1763 2579 2,
1794 2532 1872 2589 21,

183 2615 266 2658 618
299 2614 535 2657 Vulcacius
567 2613 777 2668 (Vulcati-
809 2614 996 2656 traditur
1025 2613 1088 2655 vel
1117 2612 1273 2666 editur)
1301 2611 1627 2665 grammaticus,
1671 2609 1843 2665 scripsit
1887 2623 1999 2650 com-

267 2684 502 2726 mentarios
542 2683 587 2724 in
621 2683 843 2725 Ciceronis
874 2683 1091 2724 orationes
1122 2681 1404 2734 Hieronymus
1444 2681 1593 2720 eontra
1630 2677 1834 2732 Rufinum
1865 2681 1913 2726 1,
1945 2680 1998 2718 16

270 2753 329 2808 (2,
357 2756 445 2796 472
475 2751 672 2802 Ῡαῑῐαν3.,
704 2754 748 2802 2,
779 2754 866 2795 428
897 2751 1074 2806 Miyne).

186 2833 269 2875 619
302 2832 537 2875 Vulcacius
568 2832 778 2874 Araricus
810 2831 1034 2886 (Vulgaci-
1066 2830 1187 2884 cod),
1231 2842 1363 2884 eques
1394 2827 1624 2880 Romanus,
1657 2825 1872 2881 particeps
1900 2838 1998 2866 con-

272 2903 498 2945 iurationis
529 2903 788 2945 Pisonianae
825 2902 923 2944 Tac.
955 2915 995 2942 a.
1026 2903 1090 2950 15,
1124 2902 1189 2942 50.

186 2985 271 3027 620
311 2990 351 3026 C.
394 2989 671 3026 VOLCAOIVS
711 2989 906 3025 GVRGES
949 2981 1016 3035 (C.
1059 2980 1281 3023 Volcatius
1327 2977 1503 3030 Gurgus
1548 2974 1765 3028 traditur),
1813 2980 1998 3028 senator,

272 3051 394 3094 nulla
422 3052 624 3095 evidente
644 3067 786 3094 >causa
817 3051 925 3093 obiit
955 3050 1072 3092 Plin.
1104 3049 1144 3090 h.
1175 3062 1216 3091 n.
1251 3051 1288 3097 7,
1316 3048 1409 3088 181.

186 3135 266 3177 621
300 3133 532 3176 Volcacius
572 3134 776 3176 Moschus
818 3133 1062 3188 (Vulcatius
1104 3120 1305 3172 Moschus
1352 3127 1448 3170 Tac.
1491 3124 1578 3167 cod.
1617 3122 1755 3174 Med„
1796 3121 2000 3164 Moschus

274 3203 440 3246 Horat.
463 3217 555 3246 cum
585 3203 759 3258 Porph„
791 3218 961 3245 moscus
991 3200 1054 3242 vel
1085 3213 1240 3241 noscus
1263 3198 1447 3240 Senecae
1468 3196 1597 3236 contr.
1619 3196 1663 3243 2,
1682 3194 1721 3242 5,
1743 3194 1797 3234 13
1826 3189 1998 3240 codices,

274 3288 429 3315 noscus
455 3272 518 3315 vel
549 3288 703 3314 uoscus
734 3273 792 3315 ib.
819 3275 856 3326 7,
881 3275 921 3321 3,
942 3274 982 3320 8,
1016 3269 1155 3311 Oscus
1187 3266 1373 3309 traditur
1403 3264 1457 3305 ib.
1484 3266 1527 3312 2,
1559 3265 1597 3311 3,
1619 3264 1658 3302 4.
1680 3263 1733 3302 10
1754 3259 1899 3314 praef.
1931 3262 1998 3301 10.
