2242 3672
195 247 374 285 VLPIVS
1069 247 1150 290 461
1836 255 2012 294 VLPIVS

198 380 282 423 553
312 386 489 422 VLPIVS
529 386 824 424 HADRIANVS
867 382 1071 437 (Adrian-
1113 385 1220 440 cod.)
1262 392 1435 442 praetor
1473 393 1522 430 ut
1551 386 1744 442 videtur,
1786 388 1855 430 cui
1887 387 2014 431 divus

281 449 386 492 Pius
424 450 646 505 rescripsit
688 449 901 504 Ulpianus
941 451 1011 495 lib.
1043 452 1229 496 XXXX
1255 454 1313 497 ad
1342 455 1520 498 edictum
1550 455 1670 511 (Diy.
1700 458 1767 507 37,
1797 459 1834 508 7,
1860 459 1887 499 1
1909 456 2012 512 pr).

280 517 478 561 Eundem
507 531 593 561 6336
630 517 826 561 Cassium
857 520 1146 572 Hadrianum,
1179 523 1431 578 eundemque
1465 524 1698 568 &laudium
1723 524 2012 577 Hadrianum,

281 587 433 642 quibus
471 587 572 629 item
611 586 731 630 divus
770 587 878 630 Pius
918 591 1182 644 rescrzp32’sse
1223 591 1380 634 dicitur
1418 592 1537 648 (Diy.
1572 596 1638 645 36,
1670 597 1708 645 1,
1739 597 1799 638 32
1827 593 1934 650 [31],
1970 599 1990 637 1
2002 613 2015 651 ;

281 658 348 706 37,
371 658 439 706 10,
459 658 499 706 3,
521 655 564 705 1)
595 656 771 699 coniecit
802 657 1041 700 Mommsen
1071 659 1146 714 (ad
1173 659 1275 714 Diy.
1297 663 1363 711 36,
1386 664 1424 712 1,
1446 664 1534 718 32).

199 736 284 779 554
313 735 373 778 M.
415 735 574 793 Ulpius
613 736 837 792 Hermias,
886 737 999 793 Aug.
1042 737 1140 794 lib.,
1192 748 1448 796 procurator
1496 744 1789 799 aurariarum,
1835 746 2014 788 maritus

283 803 486 848 Saloniae
515 804 775 848 Palestrices
806 809 834 849 t.
865 805 1056 849 Dacicus
1085 808 1174 850 III
1195 812 1321 854 1312.

198 886 280 929 555
312 885 468 942 Ulpius
498 885 694 928 Iulianus
727 887 964 943 (utrumque
993 901 1142 930 nomen
1172 887 1260 931 Dio
1287 892 1353 940 78,
1381 893 1419 935 4.
1442 893 1509 941 15,
1533 895 1762 946 praeterea
1792 906 2015 947 coynomen

281 954 446 1011 solum),
479 955 561 997 sub
593 954 820 999 Caracalla
850 956 1053 1013 princeps
1095 964 1143 1000 ut
1173 957 1348 1001 videtur
1383 960 1714 1015 peregrinorum
1746 961 1847 1016 (hoc
1868 963 2015 1017 potius

282 1024 524 1080 siynificari
579 1025 718 1068 verbis
772 1030 851 1068 τῶν
911 1026 1214 1084 ἀγγελιαφόρων
1270 1029 1490 1085 ἡγούμενος
1549 1043 1675 1082 quam
1734 1031 2016 1073 centurionem

282 1094 664 1148 frumentariorum
700 1097 832 1148 putat
877 1094 1131 1150 Mommsen)
1173 1094 1263 1138 Dio
1300 1099 1368 1147 78,
1410 1099 1472 1139 15.
1539 1096 1593 1140 Α.
1624 1098 1708 1141 217
1750 1114 1776 1141 a
1815 1099 2014 1142 censibus

284 1163 372 1219 (τὰς
400 1165 574 1221 τιμήσεις
610 1163 985 1221 ἐγκεχειρισμένος),
1028 1164 1274 1207 Macrinum
1313 1167 1538 1208 certiorem
1576 1166 1681 1210 facit
1719 1167 1897 1224 periculi
1939 1169 2011 1210 im-

284 1232 490 1274 minentis
521 1231 612 1275 Dio
633 1235 698 1283 78,
721 1236 760 1275 4.
806 1232 847 1275 Α
877 1233 1075 1275 Macrino
1107 1233 1351 1289 praefectus
1385 1237 1600 1291 praetorio
1632 1236 1770 1279 factus
1800 1252 1888 1279 una
1918 1252 2015 1279 cum

284 1300 453 1344 Iuliano
486 1300 670 1343 Nestore
699 1300 788 1344 Dio
818 1303 883 1352 78,
916 1304 992 1354 15,·
1022 1302 1266 1358 praefectus
1297 1304 1512 1359 praetorio
1544 1303 1727 1346 Macrini
1758 1305 1815 1347 ib.
1849 1308 1914 1356 78,
1944 1307 2014 1356 35,

283 1368 445 1412 Herod.
478 1370 518 1420 5,
549 1372 588 1419 4,
620 1371 659 1420 3,
691 1370 762 1412 vit.
798 1369 989 1412 Macrin.
1020 1373 1087 1412 10.
1150 1370 1200 1413 A.
1235 1370 1316 1413 218
1347 1370 1504 1413 milites
1536 1372 1610 1428 qui
1651 1387 1677 1414 a
1716 1372 1913 1417 Macrino
1944 1374 2016 1416 de-

286 1439 505 1481 sciverant
543 1438 705 1481 frustra
747 1445 994 1496 oppugnat3
1035 1439 1211 1482 relictus
1255 1455 1281 1481 a
1325 1441 1415 1482 suis
1461 1441 1695 1495 occiditur3
1745 1450 1875 1499 caput
1924 1444 2016 1486 eius

284 1508 481 1550 Macrino
511 1509 689 1550 missum
719 1507 808 1551 Dio
840 1511 909 1560 78,
940 1511 1096 1560 31—34,
1130 1509 1291 1552 Herod.
1322 1512 1360 1564 5,
1391 1513 1430 1560 4,
1461 1512 1500 1553 3.
1528 1513 1566 1564 4,
1597 1511 1669 1553 vit.
1697 1511 1895 1553 Macrini
1923 1511 1951 1554 l.
1983 1526 2016 1555 c.

287 1577 389 1620 Non
417 1580 527 1620 recte
560 1581 833 1620 enumeratur
870 1578 983 1621 inter
1017 1579 1259 1633 praefectos
1288 1578 1475 1634 Aeqypti
1500 1578 1623 1623 OIG.
1649 1579 1728 1622 vol.
1749 1580 1838 1623 III
1851 1595 1898 1635 p.
1919 1584 2015 1632 313,

284 1647 337 1701 cf.
373 1646 523 1702 Meyer
551 1646 699 1690 Herm.
727 1649 842 1690 1897
860 1662 908 1702 10.
935 1651 1039 1691 232.

200 1727 285 1769 556
316 1726 474 1783 Ulpius
506 1727 739 1770 Marcellus
772 1728 850 1782 (sic
880 1729 952 1771 vit.
985 1728 1082 1780 Pii,
1111 1732 1342 1783 praeterea
1370 1728 1636 1783 Marcellus).
1696 1714 1809 1772 Iuris
1840 1731 2017 1786 peritus,

287 1810 373 1852 quo
401 1811 505 1838 usus
534 1803 600 1839 est
621 1797 868 1840 Antoninus
891 1798 995 1840 Pius
1016 1799 1087 1842 vit.
1110 1798 1184 1841 Pii
1202 1801 1271 1841 12.
1319 1799 1463 1841 Etiam
1484 1800 1530 1841 in
1554 1798 1733 1842 consilio
1755 1799 1814 1842 M.
1836 1798 2016 1854 Aurelii,

286 1879 324 1908 a.
358 1866 441 1908 166
470 1865 573 1921 Dry.
605 1869 677 1917 28,
707 1870 747 1918 4,
780 1870 825 1910 3:
882 1867 1067 1924 Scripsit
1096 1882 1183 1910 non
1215 1882 1366 1923 pauca,
1400 1868 1443 1910 in
1478 1867 1544 1910 his
1574 1869 1856 1923 Digestorum
1886 1867 2019 1910 libros

286 1934 448 1977 XXXI
477 1934 581 1990 Diy.
611 1936 698 1980 ind.
730 1935 882 1987 Flor.‚
923 1951 1031 1993 quos
1073 1936 1208 1979 edidit
1249 1936 1386 1991 (certe
1426 1936 1528 1980 inde
1563 1952 1589 1979 a
1618 1936 1726 1979 libro
1759 1938 1884 1980 tertio
1915 1936 2018 1992 Diy.

287 2006 328 2053 4,
359 2006 398 2054 1,
431 2004 475 2058 7)
517 2010 614 2060 post
651 2011 834 2047 mortem
868 2005 947 2060 Pii,
979 2004 1140 2047 librum
1167 2005 1419 2047 vicesimum
1450 2019 1613 2047 nonum
1643 2019 1730 2048 non
1760 2005 1894 2048 multo
1924 2012 2022 2063 post

286 2086 447 2114 annum
481 2073 562 2116 166
593 2072 695 2128 Diy.
728 2076 799 2124 28,
831 2078 870 2125 4,
896 2077 924 2117 3
955 2073 1061 2130 (noli
1080 2077 1240 2128 putare
1272 2073 1425 2116 bellum
1453 2073 1755 2117 Germanicum
1783 2074 2023 2129 significari

285 2140 388 2196 Diy.
418 2144 482 2192 35,
515 2145 554 2192 1,
584 2144 666 2194 48).
726 2142 788 2185 Et
825 2142 975 2185 horum
1017 2146 1056 2185 et
1090 2142 1350 2196 reliquorum
1388 2142 1592 2185 librorum
1632 2143 1875 2198 fraymenta
1914 2156 2017 2185 com-

282 2211 432 2265 posuit
452 2210 582 2253 Lenel
601 2210 770 2266 palzny.
801 2212 912 2254 iuris
939 2212 1013 2254 civ.
1037 2212 1071 2253 I
1092 2214 1174 2254 590
1194 2225 1274 2266 seq
1326 2210 1474 2254 Potest
1493 2224 1578 2254 esse
1597 2211 1708 2254 idem
1727 2211 1801 2265 qui
1818 2211 2018 2265 sequitur,

285 2278 349 2321 vel
369 2282 502 2333 pater
530 2279 631 2322 eius.
699 2279 859 2332 (Plane
889 2281 1094 2322 incertum
1126 2294 1227 2322 num
1263 2279 1332 2322 hic
1376 2264 1532 2359 Ulpius
1572 2280 1734 2322 amicus
1771 2279 2017 2330 Frontonis,

284 2347 437 2392 Front.
461 2347 520 2391 ad
539 2362 622 2391 am.
644 2352 681 2403 1,
703 2352 762 2392 24
783 2364 832 2404 p.
851 2351 935 2392 188
964 2348 1156 2403 Naber).

200 2429 282 2472 557
314 2436 358 2472 L.
391 2436 565 2472 VLPIVS
605 2437 924 2473 MARCELLVS.
1000 2430 1155 2473 Tituli:
1196 2431 1471 2472 Pannonicus
1510 2430 1599 2472 III
1621 2433 1735 2472 3307
1763 2451 1817 2466 =
1856 2431 1945 2473 III
1969 2430 2015 2473 S.

286 2501 427 2542 10285
450 2499 522 2555 (1),
554 2499 810 2543 Britannici
840 2501 932 2543 VII
947 2502 1029 2543 504
1051 2499 1126 2555 (2),
1158 2499 1426 2541 Athenaeum
1453 2502 1480 2542 5
1503 2499 1615 2542 Mai.
1638 2501 1752 2542 1897
1770 2515 1817 2554 p.
1839 2503 1921 2543 653
1942 2498 2017 2553 (3).

289 2567 339 2610 L.
371 2567 529 2624 Ulpius
561 2569 793 2612 Marcellus
824 2573 851 2612 t.
881 2573 919 2623 1,
962 2568 1062 2625 Ulp.
1096 2567 1329 2610 Marcellus
1361 2571 1389 2610 t.
1420 2570 1464 2611 2.
1495 2570 1532 2622 3,
1576 2567 1815 2626 Μάρκελλος
1845 2568 2018 2615 Οὔλπιος

287 2636 376 2680 Dio
407 2641 477 2689 72,
508 2641 549 2681 8.
611 2638 793 2692 (Consul
832 2639 928 2682 suff.
960 2654 997 2681 a.
1030 2638 1147 2692 inc.).
1208 2637 1315 2692 (Vix
1354 2637 1422 2679 hic
1464 2637 1703 2680 Marcellus
1743 2636 2018 2680 consul-cum

291 2705 420 2748 Gallo
463 2707 633 2750 circiter
673 2723 771 2751 ann.
804 2708 1001 2758 149l153,
1042 2721 1175 2761 supra
1207 2706 1267 2747 M
1288 2705 1399 2760 141).
1456 2706 1650 2760 Legatus
1682 2706 1794 2760 Aug.
1836 2720 1912 2762 pro
1953 2720 2016 2761 pr.

292 2775 546 2818 Pannoniae
577 2777 796 2820 inferioris
827 2780 854 2820 t.
878 2780 916 2819 1.
967 2776 1160 2830 Legatus
1191 2773 1429 2816 consularis
1462 2773 1563 2829 (leg.
1586 2773 1700 2829 Aug.
1732 2789 1797 2831 pr.
1829 2789 1894 2830 pr.
1926 2776 1953 2818 t.
1976 2777 2015 2828 3,

287 2857 374 2886 cos.
405 2846 431 2886 t.
455 2844 504 2897 2)
535 2844 789 2887 Britanniae
817 2848 842 2887 t.
866 2848 909 2888 2.
930 2847 958 2886 3
988 2844 1295 2899 imperatorum
1327 2842 1512 2884 duorum
1541 2842 1710 2897 (Marci
1738 2845 1778 2884 et
1803 2841 2022 2885 Commodi

286 2915 334 2954 ut
355 2912 480 2968 puto)
514 2916 541 2958 t.
563 2917 605 2969 2,
638 2914 810 2970 legatus
831 2915 946 2968 Aug.
969 2911 1226 2968 (Commodi)
1258 2914 1286 2953 t.
1308 2914 1347 2961 3,
1379 2926 1404 2953 a
1426 2910 1662 2954 Commodo
1691 2911 1847 2952 missus
1869 2916 2019 2952 contra

289 2979 508 3036 barbaros,
542 2983 615 3039 qui
638 2984 682 3025 in
703 2983 975 3025 Britanniam
1002 2982 1259 3036 irruperant,
1283 2979 1390 3021 vicit
1410 2994 1482 3021 eos
1505 2980 1634 3034 (anno
1663 2982 1711 3021 ut
1739 2978 1905 3021 videtur
1925 2981 2017 3029 184,

288 3063 368 3103 quo
390 3048 638 3094 Commodus
659 3051 942 3094 Britannicus
973 3048 1186 3103 appellari
1205 3051 1373 3103 coeptus
1394 3051 1464 3098 cst,
1488 3049 1542 3101 cf.
1564 3047 1726 3090 Eckkel
1748 3050 1784 3098 7,
1807 3050 1899 3089 111.
1919 3046 2018 3101 112)

289 3117 378 3161 Dio
410 3122 480 3170 72,
511 3122 552 3164 8.
612 3119 890 3163 Abstinentia
931 3125 972 3160 et
1011 3117 1205 3173 reliquae
1244 3117 1427 3159 virtutes
1469 3117 1561 3158 eius
1598 3115 1688 3159 Dio
1718 3115 1744 3158 l.
1777 3129 1810 3158 c.
1848 3115 2016 3171 (Xiph.‚

289 3200 374 3229 exc.
407 3187 513 3239 Val.‚
547 3189 709 3231 Suidas
739 3203 771 3231 s.
803 3202 839 3230 v.
872 3185 1144 3244 Μάρκελλος).
1202 3185 1464 3229 Commodus
1496 3186 1534 3226 ei
1565 3185 1760 3241 pepercit
1787 3185 1845 3227 ib.

204 3268 287 3310 558
321 3274 361 3311 O.
402 3274 580 3311 VLPIVS
626 3274 930 3310 MARCELLVS
978 3271 1290 3307 POLYBIANVS
1337 3265 1600 3308 clarissimus
1644 3265 1835 3319 iuvenis,
1886 3264 2020 3307 frater

291 3335 338 3379 C.
370 3335 492 3394 Ulpii
524 3337 695 3380 Aeliani
728 3336 876 3379 Severi
910 3334 1137 3377 clarissimi
1168 3335 1292 3390 pueri
1326 3334 1393 3377 VI
1415 3336 1527 3377 1542
1556 3353 1612 3368 =
1639 3336 1787 3376 31676.
