2242 3672
296 254 527 294 VETILIVS
1159 244 1243 287 410
1889 249 2101 286 VETTIVS

382 388 524 431 Cottio
554 386 641 429 filio
673 386 764 427 eius
795 389 1094 439 composuerat
1122 384 1161 432 3,
1184 384 1251 424 10.
1304 381 1357 423 Ei
1389 381 1540 424 scribit
1570 380 1739 424 Plinius
1769 380 1824 423 de
1853 382 2106 424 recitatione

383 455 606 513 Calpurnii
645 453 814 495 Pisonis
854 452 910 495 ib.
940 454 980 501 5,
1012 454 1078 493 17.
1146 449 1481 492 Contubernalis
1522 456 1565 492 et
1604 449 1788 492 fortasse
1827 449 1984 493 adfinis
2014 450 2107 493 eius

382 524 609 580 Pompeius
643 520 775 563 Falco
806 520 923 562 Plin.
951 533 1012 573 ep.
1044 522 1082 569 4,
1114 521 1185 569 27,
1211 521 1250 562 5.
1316 517 1522 561 Carmina
1560 518 1699 575 lyrica
1738 525 1921 576 utraque
1959 517 2108 574 lingua

383 592 620 648 composuit
648 591 705 632 ib.
727 593 766 640 3,
789 593 826 639 1,
852 592 888 631 7.
941 587 1174 643 (Vestrieii,
1206 588 1292 629 sive
1320 590 1369 629 ut
1396 588 1444 629 in
1474 587 1613 630 codiee
1642 587 1775 641 fuisse
1801 586 2110 642 perhibebatur

383 660 599 714 Vesprueii
626 657 868 712 Spurinnae
895 669 1039 698 versus
1060 655 1109 697 cle
1130 658 1366 710 contemptu
1385 655 1556 710 saeculi,
1583 669 1684 710 quos
1707 655 1921 698 Barthius
1939 655 2110 710 primus

381 728 531 778 edidit,
577 740 711 781 nuper
747 724 968 767 Baehrens
1008 723 1126 766 Poet.
1165 724 1265 766 Lat.
1305 725 1406 767 min.
1448 723 1491 767 V
1508 739 1556 779 p.
1587 727 1672 767 408
1695 737 1796 779 seq„
1834 724 1992 766 novicii
2023 735 2110 766 esse

380 796 584 845 violentur,
623 794 676 848 cf.
713 792 873 844 Teuffel
902 793 988 836 Lit.
1018 795 1115 843 323,
1148 791 1203 846 5).

311 890 365 895 -
410 870 450 908 C.
481 869 660 905 FABIVS
691 867 940 903 FABIANVS
971 867 1207 902 VETILIVS
1236 867 1553 903 LVCILIANVS.

298 933 380 976 309
410 933 570 974 Vetina
590 929 832 973 Italicensis
857 930 928 984 (It.
956 943 1180 983 coynomen
1201 930 1348 983 potius
1375 943 1501 983 quam
1531 930 1709 984 oriyinis
1740 928 2005 984 desi'ynatio),
2037 929 2108 972 cui

383 1001 474 1042 divi
519 999 676 1041 fratres
719 999 987 1055 scripse-runt
1033 997 1311 1040 Callistratus
1357 998 1465 1040 libro
1510 999 1654 1052 quinto
1693 997 1744 1040 de
1787 997 2107 1052 coquitionibuS‚

381 1068 480 1123 Diy.
503 1071 568 1118 48,
591 1071 658 1118 19,
679 1071 740 1111 27
759 1082 831 1122 pr.
891 1067 1106 1109 Incertum
1135 1067 1229 1120 quis
1258 1067 1403 1120 fuerit.

296 1139 380 1179 310
412 1142 600 1178 VETINA
644 1141 978 1177 MAMERTINVS
1026 1135 1345 1192 quindecimvir
1391 1137 1526 1178 sacris
1573 1135 1786 1178 faciundis
1828 1151 1866 1178 a.
1899 1135 1985 1179 204
2028 1138 2109 1180 act.

383 1204 467 1247 lud.
498 1218 606 1246 saec.
640 1204 770 1258 (Eph.
801 1219 864 1258 ep.
885 1207 914 1245 8
936 1219 983 1258 p.
1004 1206 1103 1247 283.
1134 1207 1230 1247 290.
1260 1207 1344 1248 291
1376 1205 1431 1258 ef.
1460 1204 1577 1259 294).

297 1276 374 1316 311
412 1281 454 1315 L.
487 1279 675 1315 VETINA
705 1279 928 1327 PRISCVS,
973 1272 1159 1328 legatus
1183 1273 1470 1329 (proconsulis
1501 1273 1633 1316 Asiae
1674 1273 1799 1330 puto)
1837 1276 1865 1317 t.
1896 1271 2113 1328 Ephesius

268 1345 270 1352 ’
382 1341 471 1383 ΙΙΙ
486 1345 577 1384 430.
622 1341 777 1384 Comes
799 1343 914 1384 eius:
947 1342 998 1384 L.
1021 1341 1183 1384 Cavius
1204 1342 1545 1397 Vescennianus,
1559 1381 1562 1384 .
1578 1342 1698 1385 tribu
1724 1341 1826 1385 Sab.
1848 1341 2110 1398 (Volaterris

379 1413 486 1464 puto
519 1410 734 1465 oriundus,
775 1410 885 1452 unde
915 1411 1097 1464 fortasse
1129 1414 1168 1452 et
1196 1411 1285 1465 ipse
1315 1411 1424 1464 erat)
1455 1411 1512 1454 ib.
1573 1411 1757 1454 Maritus
1787 1410 1944 1454 Didiae
1973 1409 2111 1464 Quin-

382 1480 498 1522 tinae
530 1482 556 1521 t.
591 1478 895 1522 Volaterranus
924 1479 1004 1521 XI
1026 1482 1148 1523 1773.

298 1550 380 1591 312
411 1548 669 1600 Vetrasinus
715 1548 914 1604 quidam,
968 1547 1109 1605 famae
1154 1548 1456 1603 detestandae,
1515 1548 1724 1590 honorem
1769 1549 1984 1605 petiturus
2028 1546 2110 1591 sub

385 1616 445 1660 M.
477 1615 679 1670 Aureli03
722 1618 813 1658 eius
844 1617 1053 1659 audacter
1083 1617 1247 1659 dictum
1278 1619 1494 1674 patienter
1523 1618 1698 1660 Marcus
1728 1616 1830 1660 tulit
1856 1618 1929 1662 vit.
1963 1616 2114 1660 erei

384 1688 453 1735 12,
484 1688 523 1729 3.

299 1755 382 1796 313
415 1759 784 1797 0.vETTENN1vs
803 1760 1027 1797 SEVERVS
1039 1755 1495 1809 (Vettenni-seribitur
1511 1756 1639 1798 etiam
1650 1755 1719 1798 VI
1725 1758 1823 1798 626.
1839 1755 1920 1798 XI
1924 1753 2110 1809 73045),

386 1821 535 1864 consul
562 1822 657 1866 suff.
680 1837 768 1864 una
788 1837 885 1865 cum
907 1822 956 1867 C.
979 1823 1156 1866 Minicio
1179 1824 1391 1867 Fundano
1414 1840 1452 1867 a.
1478 1825 1557 1867 107
1579 1824 1681 1879 dipl.
1702 1824 1790 1866 mil.
1811 1824 1919 1880 (III
1928 1838 1977 1879 p.
1997 1821 2110 1877 867),

387 1905 533 1932 mense
549 1891 644 1933 Iun.
658 1891 758 1945 dipl.
775 1891 878 1942 mil„
897 1893 1000 1934 item
1015 1907 1163 1934 mense
1177 1893 1292 1948 Aug.
1316 1893 1384 1936 VI
1392 1896 1492 1944 630;
1507 1893 1616 1947 fasti
1629 1894 1839 1947 feriarum
1853 1892 2113 1935 Latinarwm

388 1958 522 2014 (CIL.
543 1961 577 2002 I
595 1960 656 2002 eol.
678 1964 710 2003 2
726 1975 774 2015 p.
795 1960 879 2015 59).
926 1960 1012 2003 Hie
1032 1962 1096 2017 (ut
1116 1963 1294 2005 coniecit
1315 1962 1553 2004 Mommsen
1572 1961 1719 2006 Herm.
1740 1965 1768 2004 3
1788 1975 1837 2016 p.
1858 1959 1930 2016 50)
1941 1960 2114 2004 ‘videtur

388 2028 586 2084 Severus,
619 2029 674 2072 ad
706 2044 834 2086 quem
865 2030 1084 2072 consulem
1115 2031 1389 2086 designatum
1419 2032 1594 2087 scripsit
1614 2030 1782 2073 Plinius
1802 2045 1864 2086 ep.
1885 2033 1924 2081 6,
1946 2032 2008 2074 27
2033 2042 2114 2071 nec

387 2097 586 2140 diversus
615 2099 797 2141 fortasse
828 2098 1027 2155 Severus,
1059 2099 1114 2142 ad
1144 2115 1274 2156 quem
1304 2115 1365 2155 ep.
1395 2103 1433 2151 9,
1465 2103 1529 2143 22
1558 2100 1631 2155 (οἴ.
1662 2114 1796 2155 supra
1826 2099 1863 2143 S
1889 2098 2003 2154 451).

303 2167 386 2208 314
417 2167 620 2209 Vettenia
641 2166 853 2210 Sabinilla
872 2169 998 2224 virgo
1017 2168 1219 2223 Vestalis,
1249 2169 1298 2211 P.
1325 2169 1440 2212 Aelii
1467 2169 1672 2225 Dionysii
1698 2168 1998 2225 perfectissimi
2018 2167 2116 2222 viri,

388 2235 621 2291 rationalis,
653 2236 742 2278 filia
774 2237 841 2279 VI
855 2240 976 2280 1587.
1020 2237 1227 2280 Fortasse
1247 2237 1511 2280 Diocletiani
1531 2237 1692 2292 demum
1713 2237 1969 2292 temporibus
1993 2235 2114 2278 vioeit.

303 2304 385 2345 315
416 2303 636 2346 Vettidius
658 2305 720 2359 (eo
742 2305 899 2348 ducunt
918 2306 1090 2357 codices,
1122 2307 1196 2359 qui
1212 2307 1387 2349 variant
1405 2307 1516 2348 inter
1536 2305 1725 2356 Vectid-,
1748 2304 1929 2357 Victid-‚
1950 2303 2111 2359 Vetid-,

388 2371 589 2427 Ventid-;
621 2374 667 2415 in
694 2387 778 2416 uno
810 2388 859 2416 ex
891 2375 1198 2428 antiquissimis
1229 2378 1268 2417 et
1300 2376 1466 2429 ‹ptimis
1497 2374 1687 2418 Vettidis
1719 2377 1780 2417 est
1805 2388 1892 2429 pro
1922 2371 2113 2428 Vettidi3

387 2454 536 2483 nomen
564 2442 624 2483 sic
644 2443 849 2496 seriptum
868 2444 1081 2497 reperitur
1102 2444 1149 2485 in
1171 2447 1199 2485 t.
1223 2444 1322 2498 ayri
1337 2443 1493 2487 Sabini
1510 2443 1592 2486 IX
1610 2446 1731 2495 4351,
1751 2444 1852 2485 item
1882 2442 1950 2485 VI
1961 2443 2114 2486 28649.

391 2511 556 2564 28650),
589 2509 713 2552 dives
745 2510 948 2567 Curibus,
982 2511 1058 2554 sed
1088 2526 1248 2554 avarus
1279 2511 1399 2554 Pers.
1426 2516 1508 2555 sat.
1538 2516 1576 2563 4,
1608 2515 1679 2555 25.

306 2577 390 2618 316
420 2584 462 2628 Q.
506 2584 774 2620 VETTIDIVS
815 2586 1020 2635 BASSVS,
1063 2588 1320 2637 procurator
1358 2581 1572 2624 Thraciae
1611 2596 1648 2625 a.
1691 2581 1746 2623 88
1793 2583 1820 2623 t.
1852 2577 2112 2629 Perinthius,

391 2659 509 2699 quem
537 2648 718 2689 servavit
745 2648 951 2702 Cyriacus
991 2650 1096 2701 (eod.
1139 2650 1231 2693 Vat.
1262 2653 1397 2700 5250,
1439 2651 1538 2692 item
1578 2650 1666 2692 eod.
1697 2648 1973 2704 Ashburnh.)‚
2005 2648 2112 2692 edid-

391 2713 601 2768 Borylzesi
630 2729 721 2769 opp.
744 2719 782 2766 3,
805 2720 891 2759 274
921 2721 960 2760 et
977 2718 1170 2761 Dumont
1196 2720 1324 2763 inser.
1344 2719 1395 2760 (le
1416 2719 1460 2761 la
1485 2719 1651 2762 Thrace
1681 2733 1721 2761 n.
1745 2721 1826 2762 72ᾱι
1853 2718 1910 2772 ef.
1932 2717 2116 2760 Momm-

392 2795 464 2823 sen
494 2782 584 2836 eph.
616 2797 677 2836 ep.
697 2786 725 2825 3
745 2798 793 2837 p.
815 2788 902 2827 326
930 2800 972 2828 n.
994 2789 1033 2828 8.

307 2851 388 2892 317
422 2856 673 2892 VETTILLA
704 2867 816 2894 uxor
848 2854 897 2897 L.
928 2854 1096 2897 Neratii
1126 2855 1322 2898 Marcelli
1354 2858 1382 2898 t.
1412 2855 1622 2910 Saepinas
1648 2855 1727 2898 IX
1752 2857 1876 2898 2456.

320 2943 377 2948 -—
420 2924 637 2960 DOMITLA
667 2926 930 2964 VETTILLA.

307 2987 390 3029 318
421 2986 604 3042 Vettius,
637 2987 784 3030 rhetor
814 2989 1004 3033 Juvenal.
1037 2995 1074 3042 7,
1106 2994 1196 3035 150.

308 3055 391 3097 319
421 3055 606 3110 Vettius,
638 3055 764 3098 homo
795 3057 964 3113 impius,
998 3060 1042 3101 in
1064 3075 1192 3117 quem
1214 3061 1378 3104 dictum
1397 3061 1588 3117 Augusti
1611 3061 1808 3104 Maerob.
1831 3064 1910 3104 sat.
1931 3063 1976 3112 2,
1991 3064 2032 3112 4,
2047 3062 2114 3105 10.
2200 3096 2202 3098 ,
2221 3026 2242 3103 ,ἶὲ

309 3123 391 3164 320
421 3123 593 3166 Vettius
610 3124 730 3180 Aper
750 3125 856 3179 (pro
875 3128 998 3168 uetti-
1016 3129 1204 3172 traditur
1224 3130 1384 3184 uecti-),
1408 3129 1605 3172 tribunus
1627 3129 1835 3183 (cohortis
1854 3127 2114 3186 praetoriae)

395 3206 432 3231 a.
467 3192 547 3233 193
577 3193 658 3236 vicl.
690 3192 794 3237 Did.
826 3194 909 3235 Iul.
939 3199 981 3244 2,
1008 3200 1045 3239 4.

308 3258 387 3300 321
424 3265 464 3302 C.
488 3266 698 3302 VETTIVS
717 3268 987 3311 AQvinles
1015 3264 1278 3308 clarissimus
1303 3268 1379 3321 vir,
1410 3273 1617 3323 patronus
1649 3266 1813 3309 ordinis
1844 3265 2116 3308 sacerdotum

397 3326 548 3369 domus
580 3330 803 3383 Augustae
835 3331 1119 3387 (temporibus
1151 3334 1393 3390 Commodi)
1425 3335 1493 3378 VI
1514 3338 1637 3380 2010.
