2242 3672
231 223 497 260 SEPTIMIVS
1099 221 1181 263 203
1784 226 2049 262 SEPTIMIVS

314 356 484 410 fectum,
518 354 567 397 de
596 369 678 409 quo
709 355 1007 400 Philostratus
1035 358 1106 402 vit.
1137 357 1254 413 soph.
1281 362 1326 410 2,
1347 361 1417 410 24,
1450 359 1503 413 cf.
1536 358 1613 401 sub
1643 358 1879 414 Antipatro
1910 364 2060 414 (supra

314 424 359 467 A
382 423 492 479 583),
525 425 701 467 coniecit
728 424 990 480 Boryhesius
1020 442 1113 482 opp.
1146 431 1186 478 3,
1213 430 1283 470 23.

230 494 314 536 317
347 494 396 538 L.
435 492 706 550 Sep(timius)
748 493 966 537 Antonius
1006 495 1358 551 Agath[o]nicus,
1402 498 1472 538 vir
1512 496 1874 553 perfectissimum
1917 511 1943 539 a
1975 503 2057 539 rat.

315 563 343 604 h
362 595 372 605 .
390 595 400 605 .
419 595 427 603 .
445 594 455 604 .
486 561 574 615 (vix
603 577 629 603 a
660 569 739 606 rat.
770 562 1144 619 h[ereditiatium];
1187 568 1368 607 ceterum
1403 579 1489 608 non
1530 568 1688 608 certum
1725 579 1828 608 num
1866 565 1970 608 haec
2002 565 2060 608 ad

313 631 424 675 hunc
453 636 648 688 spectent,
681 634 834 688 quippe
860 648 968 688 quae
997 635 1043 677 in
1071 638 1099 677 t.
1130 649 1215 678 non
1245 637 1390 679 statim
1413 651 1565 680 nomen
1593 637 1683 680 eius
1712 640 1954 691 sequantur,
1986 636 2060 679 sed

310 705 414 756 post
446 703 610 757 nepotis
641 702 804 744 demum
827 703 1077 746 vocabulum·
1109 704 1276 747 adiecta
1310 706 1435 760 sint)3
1466 713 1591 763 pater
1620 706 1671 749 L.
1706 705 1906 763 Septimii
1937 705 2054 760 Aga-

314 770 477 813 thonici
498 772 581 813 viri
604 772 767 827 egregii
791 775 819 814 t.
837 773 1120 823 suburbanus,
1142 773 1260 818 Bull.
1278 788 1438 817 comun.
1451 778 1561 818 1895
1573 790 1621 830 p.
1638 778 1718 818 161
1740 775 1813 832 (cf.
1833 775 1909 818 sub
1932 775 2054 831 filio).

228 840 312 883 318
344 841 647 895 (SEPTIMIVS)
672 846 807 882 APER
837 849 1015 898 patruus
1046 857 1228 897 magnus
1261 843 1328 898 (ew
1357 843 1645 887 emendatione
1667 844 1893 899 probabili
1924 844 2056 887 Mad-

311 909 431 964 viyii)
464 909 662 966 Septimii
694 909 862 965 Severi,
898 910 1137 954 consularis
1166 912 1256 954 vita
1288 912 1434 955 Severi
1462 916 1500 964 1,
1532 915 1575 956 2.
1637 913 1758 956 Idem
1786 913 1954 956 videtur
1982 914 2056 968 qui

313 978 517 1033 sequitur.

229 1046 312 1090 319
343 1053 384 1091 Ρ.
417 1053 697 1090 SEPTVMIVS
738 1055 872 1090 APER
913 1048 1064 1091 consul
1106 1049 1314 1091 suffectus
1354 1064 1454 1092 cum
1495 1050 1554 1094 M.
1598 1050 1774 1094 Sedatio
1816 1051 2055 1094 Severiano

314 1116 377 1159 II
396 1119 513 1160 2008
539 1116 815 1173 (temporibus
844 1118 1059 1161 Antonini
1087 1118 1174 1169 Pii,
1207 1119 1262 1172 cf.
1293 1119 1369 1161 sub
1402 1119 1591 1176 colleoa).
1642 1119 1762 1163 Idem
1790 1119 1956 1163 videtur
1985 1121 2058 1175 qui

306 1186 541 1240 praecedit.

241 1279 299 1284 —-
341 1262 386 1297 L.
418 1257 671 1311 FLAV(IVS)
705 1262 968 1298 SEPTIMIVS
1000 1263 1134 1298 APER
1166 1263 1498 1300 OCTAVIANVS.

241 1349 299 1354 -
341 1324 576 1381 Septimius
606 1325 819 1382 Apsaeus.
886 1325 930 1368 V.
962 1339 1096 1380 supra
1124 1326 1200 1368 sub
1232 1326 1403 1380 Apsaeo
1436 1325 1496 1380 (A
1527 1326 1638 1382 791).

228 1395 606 1436 320‘SEPTIMIVS
645 1401 934 1436 ARABIANVS
976 1394 1052 1450 (sic
1084 1394 1219 1437 altero
1250 1394 1351 1445 loco,
1394 1394 1619 1437 Arabinus
1653 1395 1818 1452 altero),
1848 1394 2054 1438 ‘famosus

315 1463 495 1505 crimine
525 1463 741 1506 furtorum
771 1471 814 1506 et
843 1463 924 1507 sub
955 1463 1242 1519 Heliogabalo
1275 1465 1361 1506 iam
1390 1463 1632 1520 liberatus'‚
1665 1479 1766 1507 cum
1789 1464 1846 1507 ad
1867 1463 2056 1507 Alexan-

314 1531 443 1574 drum
473 1533 664 1575 venisset
693 1532 940 1586 salutatum,
973 1532 1043 1575 hic
1070 1533 1264 1588 graviter
1294 1533 1338 1574 in
1370 1547 1469 1575 eum
1494 1533 1658 1576 exarsit
1681 1534 1754 1577 vit.
1775 1532 1901 1576 Alea.
1922 1536 1991 1583 17,
2011 1536 2051 1576 3.

242 1625 300 1631 —-
343 1601 506 1658 Tyrius
538 1601 776 1659 Septimius
806 1601 981 1645 Azizus.

229 1670 311 1714 321
346 1670 653 1726 (SEPTIMIVS)
702 1677 978 1714 BASSIANVS
1026 1700 1082 1705 -—
1125 1677 1178 1714 M.
1221 1677 1475 1713 AVRELIVS
1518 1676 1810 1714 ANTONINVS
1859 1676 2056 1714 CAESAR

315 1760 371 1775 =
412 1746 1095 1783 1MP.OAES.M.AVREL1VS
1137 1741 1402 1795 (SEVERVS)
1442 1745 1732 1782 ANTONINVS
1778 1732 2053 1792 AVGVSTVS‚

316 1809 391 1866 qui
425 1816 467 1852 et
498 1815 813 1852 CARACALLA.
870 1810 923 1852 L.
956 1809 1155 1866 Septimii
1189 1809 1344 1852 Severi
1373 1808 1487 1851 filius
1515 1809 1654 1850 maior
1685 1808 1845 1851 Herod.
1866 1812 1906 1859 3,
1928 1812 1995 1859 10,
2016 1811 2056 1859 5,

313 1878 386 1920 vit.
414 1878 555 1922 Sever.
584 1882 651 1930 10,
673 1882 712 1929 3,
745 1879 817 1923 vit.
851 1878 946 1922 Get.
974 1882 1012 1929 1,
1037 1882 1076 1930 4,
1111 1894 1166 1921 ex
1196 1877 1311 1920 Iulia
1336 1878 1512 1920 Domna
1541 1877 1632 1920 Dio
1664 1880 1728 1929 78,
1759 1881 1830 1928 24,
1872 1878 2055 1932 Oppian.

270 1964 272 1967 ·
314 1961 454 2002 cyney.
485 1951 523 1998 1,
554 1951 581 1990 4
611 1948 687 2003 (ex
716 1949 861 2004 priore
890 1948 1163 1990 matrimonio
1194 1948 1266 1989 vit.
1300 1947 1393 1990 Sev.
1422 1951 1494 1998 20,
1516 1950 1547 1991 2
1578 1947 1633 2001 cf.
1654 1947 1727 1989 vit.
1751 1945 1902 1989 Carae.
1923 1950 1990 1996 10,
2016 1950 2054 1996 1,

313 2016 384 2060 vit.
415 2015 509 2059 Get.
545 2020 582 2067 7,
611 2020 651 2068 3,
693 2016 798 2060 Vict.
827 2016 948 2060 Caes.
980 2020 1051 2067 21,
1092 2016 1277 2071 Eutrop.
1309 2019 1349 2067 8,
1383 2019 1454 2067 20,
1495 2016 1615 2059 Oros.
1649 2019 1688 2066 7,
1720 2017 1788 2066 18,
1824 2019 1868 2066 2,
1911 2013 2055 2068 male),

315 2085 550 2128 Bassianus
573 2086 717 2128 dictus
742 2101 797 2128 ex
818 2086 993 2127 nomine
1024 2086 1096 2127 avi
1127 2086 1311 2127 materni
1342 2085 1448 2127 Vict.
1470 2085 1567 2139 epit.
1590 2088 1660 2135 21,
1694 2091 1822 2126 natus
1846 2083 2055 2138 Lugduni

315 2153 420 2197 Vict.
443 2155 540 2209 epit.
562 2158 620 2199 21
651 2155 706 2209 cf.
727 2156 799 2198 vit.
823 2155 966 2199 Sever.
996 2158 1035 2205 3,
1059 2157 1099 2198 8.
1122 2157 1161 2205 9,
1195 2154 1236 2197 d.
1270 2155 1297 2196 4
1328 2153 1434 2210 Apr.
1467 2153 1555 2196 Dio
1588 2156 1653 2203 78,
1688 2156 1714 2195 6
1746 2151 1873 2206 (quod
1902 2152 2056 2207 confir-

314 2226 459 2265 matur
479 2237 651 2278 papyro
670 2223 938 2278 Aeyyptiaca
959 2223 1106 2266 Herm.
1128 2226 1200 2273 20,
1222 2225 1331 2265 1885
1353 2237 1402 2277 p.
1423 2225 1504 2264 438
1526 2222 1579 2276 cf.
1604 2221 1796 2266 Wilchen
1820 2222 1877 2265 ib.
1892 2235 1940 2276 p.
1960 2223 2054 2270 473,

315 2291 415 2334 item
455 2292 578 2335 titulo
618 2292 803 2336 Ostiensi
831 2292 958 2335 XIV
979 2295 1060 2335 119
1093 2292 1147 2346 cf.
1176 2291 1428 2346 Hirschfeld
1457 2291 1626 2335 Wiener
1656 2290 1840 2334 Studien
1869 2289 1902 2343 f.
1932 2288 2056 2331 class.

315 2361 431 2404 Phil.
463 2364 573 2404 1884
593 2376 643 2416 p.
666 2365 754 2405 120
782 2365 890 2413 not.,·
923 2362 964 2404 d.
987 2363 1013 2405 6
1045 2361 1152 2417 Apr.
1183 2362 1255 2403 vit.
1285 2360 1438 2404 C'arac.
1462 2363 1499 2410 6,
1523 2362 1578 2412 6),
1611 2374 1724 2402 anno
1759 2359 1840 2401 186
1873 2357 2053 2413 (quippe

317 2445 477 2473 annum
510 2430 727 2473 decimum
757 2432 934 2473 tertium
962 2445 1115 2485 agens,
1159 2444 1259 2471 cum
1292 2430 1509 2486 particeps
1539 2429 1712 2485 imperii
1742 2427 1912 2484 paterni
1941 2426 2054 2468 dice-

317 2506 439 2541 retur
467 2501 540 2542 vit.
573 2499 666 2543 Sev.
698 2503 764 2551 16,
794 2503 834 2551 3,
865 2500 938 2542 vit.
969 2499 1105 2542 Diad.
1137 2502 1175 2550 6,
1207 2501 1257 2550 8,·
1297 2513 1457 2541 annum
1487 2500 1571 2539 188
1610 2497 1773 2540 indicat
1811 2495 1901 2539 Dio
1933 2497 1998 2545 78,
2029 2497 2057 2537 6

316 2567 500 2624 [Zonar.
533 2572 602 2620 12,
634 2568 726 2624 12],
769 2568 843 2611 sed
881 2569 937 2623 cf.
970 2568 1111 2612 Wirth
1152 2571 1309 2622 quaest.
1348 2566 1566 2611 Severian.
1596 2565 1718 2622 [diss.
1750 2565 1889 2609 Bonn.
1922 2563 2055 2620 1888]

313 2652 362 2692 p.
382 2641 450 2689 19,
484 2652 642 2681 annum
671 2642 752 2681 174
780 2639 852 2683 vit.
884 2637 1037 2681 Carae.
1061 2641 1100 2688 9,
1123 2642 1162 2688 1,
1194 2637 1377 2691 Eutrop.
1399 2639 1439 2687 8,
1460 2640 1530 2687 20,
1564 2636 1730 2678 omnino
1761 2633 1902 2689 male).

402 2707 444 2750 A
474 2714 619 2764 patre,
665 2722 766 2750 cum
807 2708 890 2750 iret
928 2715 1079 2750 contra
1115 2706 1317 2749 Clodium
1348 2705 1559 2748 Albinum
1589 2705 1646 2759 (a.
1683 2705 1795 2758 196),
1827 2704 1871 2744 in
1903 2703 2057 2744 itincre

319 2776 434 2832 apud
467 2777 761 2819 Viminacium
795 2777 1008 2834 ‘adposito
1040 2775 1210 2819 Aurelii
1242 2775 1454 2819 Antonini
1495 2775 1684 2818 nomine'
1720 2772 1882 2816 Caesar
1911 2771 2055 2827 appel-

317 2843 431 2888 latus
461 2846 534 2888 vit.
566 2845 661 2889 Sev.
691 2850 760 2898 10,
791 2849 819 2888 3
837 2835 894 2901 ⁴(a
923 2853 1048 2903 patre
1078 2861 1156 2902 pro
1189 2846 1399 2888 Bassiano
1430 2843 1679 2886 Antoninus
1707 2840 1966 2898 appellatus,
2010 2846 2057 2882 ut

319 2914 459 2957 Marci
489 2930 646 2958 nomen
676 2915 811 2957 ferret
829 2915 989 2958 Herod.
1011 2918 1050 2965 3,
1073 2918 1141 2966 10,
1162 2917 1188 2957 5
1200 2928 1213 2966 ;
1244 2913 1388 2957 Victor
1409 2911 1527 2957 Caes,
1549 2915 1633 2963 20;
1663 2911 1873 2953 Antonini
1901 2923 2056 2950 nomen

320 2984 359 3025 ei
381 2999 407 3026 a
427 2991 580 3026 senatu
602 2985 853 3041 impositum
876 2999 932 3026 ex
953 2984 1176 3026 voluntate
1198 2984 1333 3040 patris
1352 2982 1537 3036 Eutrop.
1558 2983 1598 3031 8,
1621 2981 1708 3034 19).
1753 2979 1881 3021 Iussu
1903 2978 2054 3021 Severi

323 3052 484 3095 Caesar
514 3069 540 3095 a
570 3061 723 3096 senatu
754 3053 995 3110 appellatus
1030 3053 1230 3095 ‘decretis
1262 3051 1552 3108 imperatoriis
1586 3046 1842 3102 insignibus‘
1865 3047 1937 3089 vit.
1962 3046 2054 3091 Sev.

321 3125 386 3173 14,
408 3125 448 3163 3.
492 3121 704 3164 Bassiani
730 3136 880 3165 nomen
911 3122 1070 3172 deinde,
1102 3121 1201 3164 dum
1229 3121 1342 3171 vivit,
1374 3132 1603 3173 numquam
1635 3117 1684 3159 de
1714 3131 1759 3158 eo
1788 3119 2054 3170 usurpatum,

321 3191 410 3233 nisi
437 3192 484 3233 in
512 3205 680 3234 nummo
709 3190 1051 3246 Ceretapensium
1081 3191 1127 3232 in
1157 3190 1352 3244 Phryyia
1382 3188 1594 3241 (Lb'bbehe
1624 3184 1829 3228 Zeitschr.
1860 3185 1893 3238 f.
1926 3183 2054 3226 Num.

324 3263 391 3311 17,
424 3262 533 3302 1890
556 3274 603 3314 p.
625 3262 714 3316 20),
747 3260 794 3301 in
823 3274 903 3313 quo
934 3263 993 3301 cst
1025 3260 1108 3301 αὐτ.
1137 3257 1228 3301 Koa.
1260 3258 1314 3302 M.
1350 3256 1422 3302 Αὐ.
1455 3255 1525 3299 Ἀν.
1557 3254 1790 3307 Βασσιανός,
1814 3255 1979 3294 mortuo
2010 3265 2055 3292 eo

325 3329 632 3378 resuscitatum,
664 3328 753 3370 Dio
778 3331 846 3378 78,
870 3332 908 3370 9.
955 3328 1029 3369 Ad
1058 3327 1378 3369 celebrationem
1410 3325 1505 3374 (liei,
1537 3338 1617 3378 quo
1638 3322 1880 3364 Bassianus
1897 3319 2056 3363 Caesar
