<?xml version="1.0" encoding="UTF-8"?>
<!DOCTYPE html PUBLIC "-//W3C//DTD XHTML 1.0 Transitional//EN"
    "http://www.w3.org/TR/xhtml1/DTD/xhtml1-transitional.dtd">
<html xmlns="http://www.w3.org/1999/xhtml" xml:lang="en" lang="en">
 <head>
  <title>
</title>
<meta http-equiv="Content-Type" content="text/html;charset=utf-8" />
  <meta name='ocr-system' content='tesseract 3.04.00' />
  <meta name='ocr-capabilities' content='ocr_page ocr_carea ocr_par ocr_line ocrx_word'/>
</head>
<body>
  <div class='ocr_page' id='page_1' title='image "./prosopographiaim03akaduoft/prosopographiaim03akaduoft_0447.png"; bbox 0 0 2242 3672; ppageno 0'>
   <div class='ocr_carea' id='block_1_1' title="bbox 132 262 1952 313">
    <p class='ocr_par' dir='ltr' id='par_1_1' title="bbox 132 262 1952 313">
     <span class='ocr_line' id='line_1_1' title="bbox 132 262 1952 313; baseline 0.001 -10"><span class='ocrx_word' id='word_1_1' title='bbox 132 263 432 313; x_wconf 18' lang='lat' dir='ltr'>*VINIGIANVS</span> <span class='ocrx_word' id='word_1_2' title='bbox 1007 262 1091 304; x_wconf 84' lang='lat'><strong>435</strong></span> <span class='ocrx_word' id='word_1_3' title='bbox 1732 268 1952 305; x_wconf 77' lang='lat' dir='ltr'>VINICIVS</span> 
     </span>
    </p>
   </div>
   <div class='ocr_carea' id='block_1_2' title="bbox 135 329 307 336">
    <p class='ocr_par' dir='ltr' id='par_1_2' title="bbox 135 329 307 336">
     <span class='ocr_line' id='line_1_2' title="bbox 135 329 307 336; baseline 0 0"><span class='ocrx_word' id='word_1_4' title='bbox 135 329 307 336; x_wconf 95' lang='lat' dir='ltr'><strong> </strong></span> 
     </span>
    </p>
   </div>
   <div class='ocr_carea' id='block_1_3' title="bbox 128 395 1956 3348">
    <p class='ocr_par' dir='ltr' id='par_1_3' title="bbox 221 395 1956 524">
     <span class='ocr_line' id='line_1_3' title="bbox 221 395 1956 452; baseline 0.003 -12"><span class='ocrx_word' id='word_1_5' title='bbox 221 395 325 451; x_wconf 75' lang='lat' dir='ltr'><em>Diy.</em></span> <span class='ocrx_word' id='word_1_6' title='bbox 347 399 392 447; x_wconf 94' lang='grc'><strong>2,</strong></span> <span class='ocrx_word' id='word_1_7' title='bbox 413 399 480 447; x_wconf 88' lang='grc'><strong>14,</strong></span> <span class='ocrx_word' id='word_1_8' title='bbox 504 399 542 447; x_wconf 95' lang='grc'><strong>7,</strong></span> <span class='ocrx_word' id='word_1_9' title='bbox 568 399 635 440; x_wconf 90' lang='grc'><strong>18.</strong></span> <span class='ocrx_word' id='word_1_10' title='bbox 666 400 705 448; x_wconf 89' lang='grc'><strong>5,</strong></span> <span class='ocrx_word' id='word_1_11' title='bbox 730 401 768 452; x_wconf 93' lang='grc'><strong>1,</strong></span> <span class='ocrx_word' id='word_1_12' title='bbox 789 397 846 452; x_wconf 89' lang='grc'><strong>5).</strong></span> <span class='ocrx_word' id='word_1_13' title='bbox 901 399 1104 442; x_wconf 85' lang='lat' dir='ltr'><strong>‘Vindius</strong></span> <span class='ocrx_word' id='word_1_14' title='bbox 1129 406 1292 443; x_wconf 85' lang='lat' dir='ltr'><strong>noster&#39;</strong></span> <span class='ocrx_word' id='word_1_15' title='bbox 1319 401 1577 445; x_wconf 76' lang='lat' dir='ltr'><em>Maecianus</em></span> <span class='ocrx_word' id='word_1_16' title='bbox 1602 401 1629 445; x_wconf 81' lang='lat' dir='ltr'><strong>l.</strong></span> <span class='ocrx_word' id='word_1_17' title='bbox 1653 415 1685 445; x_wconf 92' lang='lat' dir='ltr'><strong>c.</strong></span> <span class='ocrx_word' id='word_1_18' title='bbox 1736 401 1956 445; x_wconf 87' lang='lat' dir='ltr'><strong>Iulianum</strong></span> 
     </span>
     <span class='ocr_line' id='line_1_4' title="bbox 224 464 1748 524; baseline 0.005 -17"><span class='ocrx_word' id='word_1_19' title='bbox 224 464 410 508; x_wconf 88' lang='lat' dir='ltr'><strong>consulit</strong></span> <span class='ocrx_word' id='word_1_20' title='bbox 437 466 495 520; x_wconf 81' lang='lat' dir='ltr'><strong>fr.</strong></span> <span class='ocrx_word' id='word_1_21' title='bbox 528 465 621 508; x_wconf 88' lang='lat' dir='ltr'><em>Vat.</em></span> <span class='ocrx_word' id='word_1_22' title='bbox 654 469 721 509; x_wconf 87' lang='grc'><strong>77.</strong></span> <span class='ocrx_word' id='word_1_23' title='bbox 777 466 845 521; x_wconf 79' lang='lat' dir='ltr'><strong>Cf.</strong></span> <span class='ocrx_word' id='word_1_24' title='bbox 877 468 1008 510; x_wconf 85' lang='lat' dir='ltr'><em>Lenel</em></span> <span class='ocrx_word' id='word_1_25' title='bbox 1035 467 1208 524; x_wconf 73' lang='lat' dir='ltr'><em>Palinq.</em></span> <span class='ocrx_word' id='word_1_26' title='bbox 1240 470 1351 512; x_wconf 86' lang='lat' dir='ltr'><em>iuris</em></span> <span class='ocrx_word' id='word_1_27' title='bbox 1379 470 1504 513; x_wconf 82' lang='lat' dir='ltr'><em>Rom.</em></span> <span class='ocrx_word' id='word_1_28' title='bbox 1535 470 1598 513; x_wconf 93' lang='lat' dir='ltr'><strong>II</strong></span> <span class='ocrx_word' id='word_1_29' title='bbox 1618 473 1748 515; x_wconf 85' lang='grc'><strong><em>1223.</em></strong></span> 
     </span>
    </p>

    <p class='ocr_par' dir='ltr' id='par_1_4' title="bbox 135 534 1956 935">
     <span class='ocr_line' id='line_1_5' title="bbox 135 534 1952 595; baseline 0.002 -17"><span class='ocrx_word' id='word_1_30' title='bbox 135 536 220 578; x_wconf 89' lang='grc'><strong>442</strong></span> <span class='ocrx_word' id='word_1_31' title='bbox 250 535 506 578; x_wconf 82' lang='lat' dir='ltr'><strong>Vinicianus</strong></span> <span class='ocrx_word' id='word_1_32' title='bbox 524 534 605 589; x_wconf 84' lang='lat' dir='ltr'><em>(vel</em></span> <span class='ocrx_word' id='word_1_33' title='bbox 619 535 852 591; x_wconf 83' lang='lat' dir='ltr'><strong>Vinicius),</strong></span> <span class='ocrx_word' id='word_1_34' title='bbox 875 543 1025 579; x_wconf 82' lang='lat' dir='ltr'>auctor</span> <span class='ocrx_word' id='word_1_35' title='bbox 1047 540 1358 581; x_wconf 86' lang='lat' dir='ltr'><strong>coniurationis</strong></span> <span class='ocrx_word' id='word_1_36' title='bbox 1376 539 1631 582; x_wconf 86' lang='lat' dir='ltr'><strong>Vinicianae</strong></span> <span class='ocrx_word' id='word_1_37' title='bbox 1650 541 1695 582; x_wconf 93' lang='lat' dir='ltr'><strong>in</strong></span> <span class='ocrx_word' id='word_1_38' title='bbox 1720 540 1952 595; x_wconf 80' lang='lat' dir='ltr'>Neronem,</span> 
     </span>
     <span class='ocr_line' id='line_1_6' title="bbox 221 603 1955 660; baseline 0.003 -15"><span class='ocrx_word' id='word_1_39' title='bbox 221 618 352 660; x_wconf 87' lang='lat' dir='ltr'><strong>quam</strong></span> <span class='ocrx_word' id='word_1_40' title='bbox 382 603 619 646; x_wconf 83' lang='lat' dir='ltr'><strong>Pisoniana</strong></span> <span class='ocrx_word' id='word_1_41' title='bbox 657 605 939 660; x_wconf 82' lang='lat' dir='ltr'><strong>posteriorem</strong></span> <span class='ocrx_word' id='word_1_42' title='bbox 978 605 1219 649; x_wconf 85' lang='lat' dir='ltr'><strong>Beneventi</strong></span> <span class='ocrx_word' id='word_1_43' title='bbox 1261 607 1491 650; x_wconf 84' lang='lat' dir='ltr'><strong>conflatam</strong></span> <span class='ocrx_word' id='word_1_44' title='bbox 1534 615 1576 651; x_wconf 90' lang='lat' dir='ltr'><strong>et</strong></span> <span class='ocrx_word' id='word_1_45' title='bbox 1615 608 1830 652; x_wconf 85' lang='lat' dir='ltr'><strong>detectam</strong></span> <span class='ocrx_word' id='word_1_46' title='bbox 1861 622 1955 650; x_wconf 88' lang='lat' dir='ltr'><em>esse</em></span> 
     </span>
     <span class='ocr_line' id='line_1_7' title="bbox 218 671 1954 732; baseline 0.002 -17"><span class='ocrx_word' id='word_1_47' title='bbox 218 673 277 729; x_wconf 87' lang='lat' dir='ltr'><strong>(a.</strong></span> <span class='ocrx_word' id='word_1_48' title='bbox 307 675 361 715; x_wconf 89' lang='grc'><strong>66</strong></span> <span class='ocrx_word' id='word_1_49' title='bbox 388 671 455 715; x_wconf 82' lang='lat' dir='ltr'><strong>vel</strong></span> <span class='ocrx_word' id='word_1_50' title='bbox 485 671 554 727; x_wconf 87' lang='lat'><em>67)</em></span> <span class='ocrx_word' id='word_1_51' title='bbox 585 679 734 715; x_wconf 83' lang='lat' dir='ltr'><strong>narrat</strong></span> <span class='ocrx_word' id='word_1_52' title='bbox 765 672 882 716; x_wconf 80' lang='lat' dir='ltr'><em>Suet.</em></span> <span class='ocrx_word' id='word_1_53' title='bbox 916 674 1019 716; x_wconf 91' lang='lat' dir='ltr'><em>Ner.</em></span> <span class='ocrx_word' id='word_1_54' title='bbox 1050 677 1116 717; x_wconf 90' lang='lat'><strong>36.</strong></span> <span class='ocrx_word' id='word_1_55' title='bbox 1178 676 1283 729; x_wconf 73' lang='lat' dir='ltr'><em>Quis</em></span> <span class='ocrx_word' id='word_1_56' title='bbox 1312 677 1456 730; x_wconf 82' lang='lat' dir='ltr'><em>fuerit,</em></span> <span class='ocrx_word' id='word_1_57' title='bbox 1488 677 1699 732; x_wconf 62' lang='lat' dir='ltr'><strong>iynoturm</strong></span> <span class='ocrx_word' id='word_1_58' title='bbox 1730 678 1779 720; x_wconf 92' lang='lat' dir='ltr'><strong>de</strong></span> <span class='ocrx_word' id='word_1_59' title='bbox 1808 676 1954 720; x_wconf 88' lang='lat' dir='ltr'><strong>Annio</strong></span> 
     </span>
     <span class='ocr_line' id='line_1_8' title="bbox 224 741 1953 800; baseline 0.001 -15"><span class='ocrx_word' id='word_1_60' title='bbox 224 741 448 785; x_wconf 90' lang='lat' dir='ltr'><strong>Viniciano</strong></span> <span class='ocrx_word' id='word_1_61' title='bbox 478 741 682 796; x_wconf 74' lang='lat' dir='ltr'><em>coyitavit</em></span> <span class='ocrx_word' id='word_1_62' title='bbox 713 741 959 797; x_wconf 76' lang='lat' dir='ltr'><em>Nipperdey</em></span> <span class='ocrx_word' id='word_1_63' title='bbox 990 743 1048 785; x_wconf 89' lang='lat' dir='ltr'><strong>ad</strong></span> <span class='ocrx_word' id='word_1_64' title='bbox 1081 744 1180 788; x_wconf 83' lang='lat' dir='ltr'><em>Tac.</em></span> <span class='ocrx_word' id='word_1_65' title='bbox 1205 758 1244 786; x_wconf 91' lang='lat' dir='ltr'><strong>a.</strong></span> <span class='ocrx_word' id='word_1_66' title='bbox 1266 747 1331 795; x_wconf 93' lang='lat'><strong><em>15,</em></strong></span> <span class='ocrx_word' id='word_1_67' title='bbox 1353 747 1425 796; x_wconf 86' lang='grc'><strong>28,</strong></span> <span class='ocrx_word' id='word_1_68' title='bbox 1460 746 1515 800; x_wconf 81' lang='lat' dir='ltr'><strong>cf.</strong></span> <span class='ocrx_word' id='word_1_69' title='bbox 1545 759 1679 800; x_wconf 84' lang='lat' dir='ltr'><em>supra</em></span> <span class='ocrx_word' id='word_1_70' title='bbox 1707 747 1785 789; x_wconf 85' lang='lat' dir='ltr'><strong>sub</strong></span> <span class='ocrx_word' id='word_1_71' title='bbox 1806 745 1953 789; x_wconf 87' lang='lat' dir='ltr'><strong>Annio</strong></span> 
     </span>
     <span class='ocr_line' id='line_1_9' title="bbox 225 809 1956 870; baseline 0.002 -17"><span class='ocrx_word' id='word_1_72' title='bbox 225 809 461 854; x_wconf 88' lang='lat' dir='ltr'><strong>Viniciano.</strong></span> <span class='ocrx_word' id='word_1_73' title='bbox 508 809 771 853; x_wconf 83' lang='lat' dir='ltr'><strong>Mentionem</strong></span> <span class='ocrx_word' id='word_1_74' title='bbox 791 811 1099 854; x_wconf 86' lang='lat' dir='ltr'><em>coniurationis</em></span> <span class='ocrx_word' id='word_1_75' title='bbox 1127 813 1175 855; x_wconf 91' lang='lat' dir='ltr'><strong>in</strong></span> <span class='ocrx_word' id='word_1_76' title='bbox 1202 814 1309 856; x_wconf 89' lang='lat' dir='ltr'><em>actis</em></span> <span class='ocrx_word' id='word_1_77' title='bbox 1329 814 1433 857; x_wconf 81' lang='lat' dir='ltr'><em>Arv.</em></span> <span class='ocrx_word' id='word_1_78' title='bbox 1462 829 1501 857; x_wconf 89' lang='lat' dir='ltr'><strong>a.</strong></span> <span class='ocrx_word' id='word_1_79' title='bbox 1528 818 1582 857; x_wconf 87' lang='lat'><strong>66</strong></span> <span class='ocrx_word' id='word_1_80' title='bbox 1609 815 1843 870; x_wconf 74' lang='lat' dir='ltr'><em>repperisse</em></span> <span class='ocrx_word' id='word_1_81' title='bbox 1871 814 1956 857; x_wconf 82' lang='lat' dir='ltr'><em>sibi</em></span> 
     </span>
     <span class='ocr_line' id='line_1_10' title="bbox 218 878 1159 935; baseline 0.002 -13"><span class='ocrx_word' id='word_1_82' title='bbox 218 878 334 922; x_wconf 82' lang='lat' dir='ltr'><em>visus</em></span> <span class='ocrx_word' id='word_1_83' title='bbox 363 881 425 922; x_wconf 89' lang='lat' dir='ltr'><strong>est</strong></span> <span class='ocrx_word' id='word_1_84' title='bbox 453 879 638 930; x_wconf 69' lang='lat' dir='ltr'><em>Heneen,</em></span> <span class='ocrx_word' id='word_1_85' title='bbox 671 880 726 933; x_wconf 81' lang='lat' dir='ltr'><strong>cf.</strong></span> <span class='ocrx_word' id='word_1_86' title='bbox 759 882 840 922; x_wconf 88' lang='lat' dir='ltr'><em>aet.</em></span> <span class='ocrx_word' id='word_1_87' title='bbox 867 879 974 923; x_wconf 83' lang='lat' dir='ltr'><em>Arv.</em></span> <span class='ocrx_word' id='word_1_88' title='bbox 997 895 1045 935; x_wconf 91' lang='lat' dir='ltr'><strong>p.</strong></span> <span class='ocrx_word' id='word_1_89' title='bbox 1067 883 1159 924; x_wconf 87' lang='lat'><strong><em>115.</em></strong></span> 
     </span>
    </p>

    <p class='ocr_par' dir='ltr' id='par_1_5' title="bbox 146 953 772 991">
     <span class='ocr_line' id='line_1_11' title="bbox 146 953 772 991; baseline 0.003 -2"><span class='ocrx_word' id='word_1_90' title='bbox 146 972 205 979; x_wconf 90' lang='lat'><strong>—-</strong></span> <span class='ocrx_word' id='word_1_91' title='bbox 246 953 435 990; x_wconf 82' lang='lat' dir='ltr'>ANNIVS</span> <span class='ocrx_word' id='word_1_92' title='bbox 465 954 772 991; x_wconf 87' lang='lat' dir='ltr'>VINIOIANVS.</span> 
     </span>
    </p>

    <p class='ocr_par' dir='ltr' id='par_1_6' title="bbox 145 1022 844 1063">
     <span class='ocr_line' id='line_1_12' title="bbox 145 1022 844 1063; baseline 0.004 -4"><span class='ocrx_word' id='word_1_93' title='bbox 145 1041 203 1049; x_wconf 90' lang='lat'>—</span> <span class='ocrx_word' id='word_1_94' title='bbox 244 1023 290 1061; x_wconf 89' lang='lat' dir='ltr'><strong>L.</strong></span> <span class='ocrx_word' id='word_1_95' title='bbox 320 1023 509 1060; x_wconf 83' lang='lat' dir='ltr'>ANNIVS</span> <span class='ocrx_word' id='word_1_96' title='bbox 539 1022 844 1063; x_wconf 80' lang='lat' dir='ltr'>VINIOIANVS.</span> 
     </span>
    </p>

    <p class='ocr_par' dir='ltr' id='par_1_7' title="bbox 134 1086 1950 1351">
     <span class='ocr_line' id='line_1_13' title="bbox 134 1086 1950 1143; baseline 0.001 -13"><span class='ocrx_word' id='word_1_97' title='bbox 134 1086 220 1130; x_wconf 82' lang='lat'><strong>443</strong></span> <span class='ocrx_word' id='word_1_98' title='bbox 250 1092 296 1129; x_wconf 91' lang='lat' dir='ltr'><strong>L.</strong></span> <span class='ocrx_word' id='word_1_99' title='bbox 327 1092 562 1141; x_wconf 85' lang='lat' dir='ltr'>VINICIVS,</span> <span class='ocrx_word' id='word_1_100' title='bbox 595 1086 646 1128; x_wconf 93' lang='lat' dir='ltr'><strong>L.</strong></span> <span class='ocrx_word' id='word_1_101' title='bbox 679 1086 708 1129; x_wconf 86' lang='lat' dir='ltr'><strong>f.</strong></span> <span class='ocrx_word' id='word_1_102' title='bbox 746 1087 880 1142; x_wconf 70' lang='lat' dir='ltr'><em>(filius</em></span> <span class='ocrx_word' id='word_1_103' title='bbox 907 1087 1074 1130; x_wconf 82' lang='lat' dir='ltr'><em>videtur</em></span> <span class='ocrx_word' id='word_1_104' title='bbox 1103 1089 1235 1142; x_wconf 82' lang='lat' dir='ltr'><em>fuisse</em></span> <span class='ocrx_word' id='word_1_105' title='bbox 1265 1089 1315 1132; x_wconf 93' lang='lat' dir='ltr'><strong>L.</strong></span> <span class='ocrx_word' id='word_1_106' title='bbox 1352 1089 1492 1132; x_wconf 90' lang='lat' dir='ltr'><strong>Vinici</strong></span> <span class='ocrx_word' id='word_1_107' title='bbox 1518 1089 1583 1132; x_wconf 80' lang='lat' dir='ltr'><strong>vel</strong></span> <span class='ocrx_word' id='word_1_108' title='bbox 1613 1089 1776 1140; x_wconf 87' lang='lat' dir='ltr'><strong>Vinuci,</strong></span> <span class='ocrx_word' id='word_1_109' title='bbox 1808 1090 1883 1143; x_wconf 83' lang='lat' dir='ltr'><strong>qui</strong></span> <span class='ocrx_word' id='word_1_110' title='bbox 1911 1093 1950 1132; x_wconf 84' lang='lat' dir='ltr'><strong>et</strong></span> 
     </span>
     <span class='ocr_line' id='line_1_14' title="bbox 217 1155 1950 1211; baseline 0.002 -13"><span class='ocrx_word' id='word_1_111' title='bbox 217 1156 306 1211; x_wconf 87' lang='lat' dir='ltr'><em>ipse</em></span> <span class='ocrx_word' id='word_1_112' title='bbox 347 1155 545 1197; x_wconf 83' lang='lat' dir='ltr'><strong>triumvir</strong></span> <span class='ocrx_word' id='word_1_113' title='bbox 572 1155 796 1198; x_wconf 83' lang='lat' dir='ltr'><em>monetalis</em></span> <span class='ocrx_word' id='word_1_114' title='bbox 834 1156 921 1209; x_wconf 83' lang='lat' dir='ltr'><em>fuit</em></span> <span class='ocrx_word' id='word_1_115' title='bbox 959 1157 1076 1199; x_wconf 87' lang='lat' dir='ltr'><strong>circa</strong></span> <span class='ocrx_word' id='word_1_116' title='bbox 1111 1171 1150 1201; x_wconf 91' lang='lat' dir='ltr'><strong>a.</strong></span> <span class='ocrx_word' id='word_1_117' title='bbox 1182 1160 1276 1207; x_wconf 90' lang='lat'><em>696,</em></span> <span class='ocrx_word' id='word_1_118' title='bbox 1308 1158 1362 1211; x_wconf 83' lang='lat' dir='ltr'><em>cf.</em></span> <span class='ocrx_word' id='word_1_119' title='bbox 1397 1157 1595 1200; x_wconf 82' lang='lat' dir='ltr'><em>Momms.</em></span> <span class='ocrx_word' id='word_1_120' title='bbox 1625 1163 1730 1201; x_wconf 81' lang='lat' dir='ltr'><em>ro&#39;rn.</em></span> <span class='ocrx_word' id='word_1_121' title='bbox 1764 1158 1950 1202; x_wconf 75' lang='lat' dir='ltr'><em>Munzw.</em></span> 
     </span>
     <span class='ocr_line' id='line_1_15' title="bbox 214 1223 1950 1280; baseline 0.001 -13"><span class='ocrx_word' id='word_1_122' title='bbox 214 1239 263 1280; x_wconf 88' lang='lat' dir='ltr'><strong>p.</strong></span> <span class='ocrx_word' id='word_1_123' title='bbox 286 1227 367 1267; x_wconf 82' lang='lat'><em>646</em></span> <span class='ocrx_word' id='word_1_124' title='bbox 394 1237 436 1268; x_wconf 89' lang='lat' dir='ltr'><strong>n.</strong></span> <span class='ocrx_word' id='word_1_125' title='bbox 464 1226 563 1275; x_wconf 91' lang='grc'><strong><em>299,</em></strong></span> <span class='ocrx_word' id='word_1_126' title='bbox 596 1224 741 1266; x_wconf 84' lang='lat' dir='ltr'><em>consul</em></span> <span class='ocrx_word' id='word_1_127' title='bbox 770 1223 868 1276; x_wconf 82' lang='lat' dir='ltr'><em>suff.</em></span> <span class='ocrx_word' id='word_1_128' title='bbox 900 1239 941 1267; x_wconf 92' lang='lat' dir='ltr'><strong>a.</strong></span> <span class='ocrx_word' id='word_1_129' title='bbox 976 1228 1059 1269; x_wconf 87' lang='grc'><strong><em>721</em></strong></span> <span class='ocrx_word' id='word_1_130' title='bbox 1101 1226 1275 1268; x_wconf 85' lang='lat' dir='ltr'><em>testibus</em></span> <span class='ocrx_word' id='word_1_131' title='bbox 1312 1226 1440 1279; x_wconf 81' lang='lat' dir='ltr'><em>fastis</em></span> <span class='ocrx_word' id='word_1_132' title='bbox 1470 1226 1713 1276; x_wconf 74' lang='lat' dir='ltr'><strong>Venusinis,</strong></span> <span class='ocrx_word' id='word_1_133' title='bbox 1757 1229 1785 1268; x_wconf 86' lang='lat' dir='ltr'><strong>t.</strong></span> <span class='ocrx_word' id='word_1_134' title='bbox 1816 1225 1950 1269; x_wconf 89' lang='lat' dir='ltr'><em>Bene-</em></span> 
     </span>
     <span class='ocr_line' id='line_1_16' title="bbox 216 1293 1949 1351; baseline 0.002 -15"><span class='ocrx_word' id='word_1_135' title='bbox 216 1296 397 1337; x_wconf 89' lang='lat' dir='ltr'><em>ventano</em></span> <span class='ocrx_word' id='word_1_136' title='bbox 431 1293 507 1336; x_wconf 89' lang='lat' dir='ltr'>IX</span> <span class='ocrx_word' id='word_1_137' title='bbox 532 1295 662 1344; x_wconf 92' lang='grc'><strong><em>1554,</em></strong></span> <span class='ocrx_word' id='word_1_138' title='bbox 706 1296 864 1336; x_wconf 80' lang='lat' dir='ltr'><em>tessera</em></span> <span class='ocrx_word' id='word_1_139' title='bbox 896 1294 1006 1339; x_wconf 83' lang='lat' dir='ltr'><em>CIL.</em></span> <span class='ocrx_word' id='word_1_140' title='bbox 1038 1295 1073 1337; x_wconf 92' lang='lat' dir='ltr'>I</span> <span class='ocrx_word' id='word_1_141' title='bbox 1097 1298 1177 1337; x_wconf 87' lang='grc'><strong>740</strong></span> <span class='ocrx_word' id='word_1_142' title='bbox 1187 1308 1201 1347; x_wconf 92' lang='grc'><strong>,·</strong></span> <span class='ocrx_word' id='word_1_143' title='bbox 1243 1296 1298 1349; x_wconf 81' lang='lat' dir='ltr'><strong>cf.</strong></span> <span class='ocrx_word' id='word_1_144' title='bbox 1328 1295 1542 1350; x_wconf 61' lang='lat' dir='ltr'><em>Borghesi</em></span> <span class='ocrx_word' id='word_1_145' title='bbox 1582 1309 1675 1350; x_wconf 89' lang='lat' dir='ltr'><em>opp.</em></span> <span class='ocrx_word' id='word_1_146' title='bbox 1702 1299 1734 1339; x_wconf 90' lang='grc'><strong><em>2</em></strong></span> <span class='ocrx_word' id='word_1_147' title='bbox 1766 1310 1813 1350; x_wconf 89' lang='lat' dir='ltr'><strong>p.</strong></span> <span class='ocrx_word' id='word_1_148' title='bbox 1837 1298 1949 1351; x_wconf 84' lang='grc'><strong><em>314).</em></strong></span> 
     </span>
    </p>

    <p class='ocr_par' dir='ltr' id='par_1_8' title="bbox 211 1362 1952 2178">
     <span class='ocr_line' id='line_1_17' title="bbox 305 1362 1951 1421; baseline 0.001 -16"><span class='ocrx_word' id='word_1_149' title='bbox 305 1363 531 1406; x_wconf 84' lang='lat' dir='ltr'><strong>Triumvir</strong></span> <span class='ocrx_word' id='word_1_150' title='bbox 564 1362 791 1405; x_wconf 86' lang='lat' dir='ltr'><strong>monetalis</strong></span> <span class='ocrx_word' id='word_1_151' title='bbox 825 1363 1026 1418; x_wconf 85' lang='lat' dir='ltr'><strong>Augusto</strong></span> <span class='ocrx_word' id='word_1_152' title='bbox 1063 1364 1295 1407; x_wconf 84' lang='lat' dir='ltr'><strong>tribunicia</strong></span> <span class='ocrx_word' id='word_1_153' title='bbox 1327 1371 1415 1421; x_wconf 89' lang='lat' dir='ltr'><em>pot.</em></span> <span class='ocrx_word' id='word_1_154' title='bbox 1446 1365 1535 1407; x_wconf 92' lang='lat' dir='ltr'><strong>VII</strong></span> <span class='ocrx_word' id='word_1_155' title='bbox 1570 1371 1611 1406; x_wconf 90' lang='lat' dir='ltr'><strong>et</strong></span> <span class='ocrx_word' id='word_1_156' title='bbox 1643 1364 1755 1407; x_wconf 91' lang='lat' dir='ltr'>VIII</span> <span class='ocrx_word' id='word_1_157' title='bbox 1785 1363 1951 1419; x_wconf 79' lang='lat' dir='ltr'><strong>(737s9)</strong></span> 
     </span>
     <span class='ocr_line' id='line_1_18' title="bbox 214 1431 1952 1487; baseline -0.001 -11"><span class='ocrx_word' id='word_1_158' title='bbox 214 1432 378 1476; x_wconf 83' lang='lat' dir='ltr'><strong>nummi</strong></span> <span class='ocrx_word' id='word_1_159' title='bbox 407 1446 476 1487; x_wconf 81' lang='lat' dir='ltr'><strong>ap.</strong></span> <span class='ocrx_word' id='word_1_160' title='bbox 507 1431 669 1475; x_wconf 75' lang='lat' dir='ltr'><em>Eckhel</em></span> <span class='ocrx_word' id='word_1_161' title='bbox 698 1435 736 1483; x_wconf 94' lang='lat'><strong>6,</strong></span> <span class='ocrx_word' id='word_1_162' title='bbox 763 1435 855 1477; x_wconf 87' lang='lat'><em>105.</em></span> <span class='ocrx_word' id='word_1_163' title='bbox 878 1436 972 1484; x_wconf 88' lang='lat'><strong>106,</strong></span> <span class='ocrx_word' id='word_1_164' title='bbox 1003 1433 1200 1476; x_wconf 82' lang='lat' dir='ltr'><em>Babelon</em></span> <span class='ocrx_word' id='word_1_165' title='bbox 1230 1434 1449 1476; x_wconf 80' lang='lat' dir='ltr'><em>monnaies</em></span> <span class='ocrx_word' id='word_1_166' title='bbox 1478 1433 1528 1475; x_wconf 93' lang='lat' dir='ltr'><strong>de</strong></span> <span class='ocrx_word' id='word_1_167' title='bbox 1568 1433 1613 1475; x_wconf 84' lang='lat' dir='ltr'><strong>la</strong></span> <span class='ocrx_word' id='word_1_168' title='bbox 1641 1435 1729 1487; x_wconf 86' lang='lat' dir='ltr'><em>re&#39;p.</em></span> <span class='ocrx_word' id='word_1_169' title='bbox 1759 1433 1952 1475; x_wconf 84' lang='lat' dir='ltr'><em>romaine</em></span> 
     </span>
     <span class='ocr_line' id='line_1_19' title="bbox 216 1501 1950 1557; baseline -0.001 -12"><span class='ocrx_word' id='word_1_170' title='bbox 216 1502 279 1545; x_wconf 94' lang='lat' dir='ltr'><strong>II</strong></span> <span class='ocrx_word' id='word_1_171' title='bbox 298 1516 347 1557; x_wconf 86' lang='lat' dir='ltr'><strong>p.</strong></span> <span class='ocrx_word' id='word_1_172' title='bbox 380 1503 467 1545; x_wconf 89' lang='grc'><strong>552</strong></span> <span class='ocrx_word' id='word_1_173' title='bbox 495 1515 577 1555; x_wconf 78' lang='lat' dir='ltr'><em>seq.</em></span> <span class='ocrx_word' id='word_1_174' title='bbox 614 1501 735 1544; x_wconf 83' lang='lat' dir='ltr'>Idem</span> <span class='ocrx_word' id='word_1_175' title='bbox 769 1502 953 1556; x_wconf 76' lang='lat' dir='ltr'><em>fortasse</em></span> <span class='ocrx_word' id='word_1_176' title='bbox 993 1503 1044 1547; x_wconf 92' lang='lat' dir='ltr'><strong>L.</strong></span> <span class='ocrx_word' id='word_1_177' title='bbox 1072 1503 1271 1546; x_wconf 82' lang='lat' dir='ltr'><strong>Vinicius</strong></span> <span class='ocrx_word' id='word_1_178' title='bbox 1303 1502 1513 1557; x_wconf 89' lang='lat' dir='ltr'><em>(traditur</em></span> <span class='ocrx_word' id='word_1_179' title='bbox 1541 1502 1759 1557; x_wconf 87' lang='lat' dir='ltr'><strong>Vicinius)</strong></span> <span class='ocrx_word' id='word_1_180' title='bbox 1794 1501 1950 1544; x_wconf 82' lang='lat' dir='ltr'><strong>‘clarus</strong></span> 
     </span>
     <span class='ocr_line' id='line_1_20' title="bbox 215 1570 1950 1628; baseline -0.001 -15"><span class='ocrx_word' id='word_1_181' title='bbox 215 1570 486 1627; x_wconf 85' lang='lat' dir='ltr'><strong>decorusque</strong></span> <span class='ocrx_word' id='word_1_182' title='bbox 517 1571 719 1626; x_wconf 82' lang='lat' dir='ltr'><strong>iuvenis&#39;,</strong></span> <span class='ocrx_word' id='word_1_183' title='bbox 762 1572 832 1613; x_wconf 90' lang='lat' dir='ltr'><strong>cui</strong></span> <span class='ocrx_word' id='word_1_184' title='bbox 864 1570 1090 1626; x_wconf 82' lang='lat' dir='ltr'><strong>Augustus</strong></span> <span class='ocrx_word' id='word_1_185' title='bbox 1126 1571 1307 1624; x_wconf 89' lang='lat' dir='ltr'><strong>obiecit,</strong></span> <span class='ocrx_word' id='word_1_186' title='bbox 1342 1574 1473 1628; x_wconf 84' lang='lat' dir='ltr'><strong>‘quod</strong></span> <span class='ocrx_word' id='word_1_187' title='bbox 1502 1570 1637 1613; x_wconf 86' lang='lat' dir='ltr'><strong>filiam</strong></span> <span class='ocrx_word' id='word_1_188' title='bbox 1667 1585 1790 1612; x_wconf 88' lang='lat' dir='ltr'><strong>suam</strong></span> <span class='ocrx_word' id='word_1_189' title='bbox 1820 1570 1950 1612; x_wconf 85' lang='lat' dir='ltr'><strong>Baias</strong></span> 
     </span>
     <span class='ocr_line' id='line_1_21' title="bbox 215 1639 1952 1695; baseline -0.001 -12"><span class='ocrx_word' id='word_1_190' title='bbox 215 1639 451 1683; x_wconf 82' lang='lat' dir='ltr'><strong>salutatum</strong></span> <span class='ocrx_word' id='word_1_191' title='bbox 470 1640 677 1682; x_wconf 82' lang='lat' dir='ltr'><strong>venisset&#39;</strong></span> <span class='ocrx_word' id='word_1_192' title='bbox 697 1639 810 1684; x_wconf 82' lang='lat' dir='ltr'><em>Suet.</em></span> <span class='ocrx_word' id='word_1_193' title='bbox 832 1639 945 1695; x_wconf 73' lang='lat' dir='ltr'><em>Auy.</em></span> <span class='ocrx_word' id='word_1_194' title='bbox 968 1644 1044 1692; x_wconf 90' lang='grc'><strong>64;</strong></span> <span class='ocrx_word' id='word_1_195' title='bbox 1066 1641 1117 1683; x_wconf 91' lang='lat' dir='ltr'><strong>L.</strong></span> <span class='ocrx_word' id='word_1_196' title='bbox 1134 1641 1347 1693; x_wconf 81' lang='lat' dir='ltr'><strong>Vinicius,</strong></span> <span class='ocrx_word' id='word_1_197' title='bbox 1370 1640 1514 1683; x_wconf 84' lang='lat' dir='ltr'><strong>Vinici</strong></span> <span class='ocrx_word' id='word_1_198' title='bbox 1536 1639 1671 1681; x_wconf 84' lang='lat' dir='ltr'><strong>frater</strong></span> <span class='ocrx_word' id='word_1_199' title='bbox 1691 1639 1768 1695; x_wconf 87' lang='lat' dir='ltr'><em>(sic</em></span> <span class='ocrx_word' id='word_1_200' title='bbox 1787 1639 1952 1682; x_wconf 85' lang='lat' dir='ltr'><em>videtur</em></span> 
     </span>
     <span class='ocr_line' id='line_1_22' title="bbox 215 1707 1950 1762; baseline -0.001 -11"><span class='ocrx_word' id='word_1_201' title='bbox 215 1708 334 1752; x_wconf 86' lang='lat' dir='ltr'><em>tradi</em></span> <span class='ocrx_word' id='word_1_202' title='bbox 342 1722 356 1760; x_wconf 89' lang='lat'><em>;</em></span> <span class='ocrx_word' id='word_1_203' title='bbox 383 1722 435 1751; x_wconf 74' lang='lat' dir='ltr'><strong>ex</strong></span> <span class='ocrx_word' id='word_1_204' title='bbox 465 1708 774 1762; x_wconf 76' lang='lat' dir='ltr'><em>antiquissimis</em></span> <span class='ocrx_word' id='word_1_205' title='bbox 804 1708 1018 1751; x_wconf 81' lang='lat' dir='ltr'><em>codicibus</em></span> <span class='ocrx_word' id='word_1_206' title='bbox 1049 1712 1190 1751; x_wconf 83' lang='lat' dir='ltr'><em>tamen</em></span> <span class='ocrx_word' id='word_1_207' title='bbox 1215 1709 1325 1752; x_wconf 81' lang='lat' dir='ltr'><em>alter</em></span> <span class='ocrx_word' id='word_1_208' title='bbox 1349 1709 1479 1751; x_wconf 91' lang='lat' dir='ltr'><strong>Vinci</strong></span> <span class='ocrx_word' id='word_1_209' title='bbox 1508 1708 1640 1762; x_wconf 89' lang='lat' dir='ltr'><strong>fater,</strong></span> <span class='ocrx_word' id='word_1_210' title='bbox 1674 1707 1784 1750; x_wconf 79' lang='lat' dir='ltr'><em>alter</em></span> <span class='ocrx_word' id='word_1_211' title='bbox 1803 1708 1950 1750; x_wconf 87' lang='lat' dir='ltr'><strong>Vinici</strong></span> 
     </span>
     <span class='ocr_line' id='line_1_23' title="bbox 213 1777 1948 1835; baseline -0.001 -15"><span class='ocrx_word' id='word_1_212' title='bbox 213 1778 362 1832; x_wconf 81' lang='lat' dir='ltr'><strong>ficem3</strong></span> <span class='ocrx_word' id='word_1_213' title='bbox 392 1783 518 1834; x_wconf 85' lang='lat' dir='ltr'><strong>pater</strong></span> <span class='ocrx_word' id='word_1_214' title='bbox 537 1777 601 1820; x_wconf 83' lang='lat' dir='ltr'><strong>vel</strong></span> <span class='ocrx_word' id='word_1_215' title='bbox 623 1777 704 1833; x_wconf 94' lang='lat' dir='ltr'><em>[L.]</em></span> <span class='ocrx_word' id='word_1_216' title='bbox 727 1778 875 1821; x_wconf 90' lang='lat' dir='ltr'><strong>Vinici</strong></span> <span class='ocrx_word' id='word_1_217' title='bbox 897 1785 1021 1835; x_wconf 84' lang='lat' dir='ltr'><strong>pater</strong></span> <span class='ocrx_word' id='word_1_218' title='bbox 1032 1779 1263 1833; x_wconf 74' lang='lat' dir='ltr'><em>proposuit</em></span> <span class='ocrx_word' id='word_1_219' title='bbox 1284 1777 1529 1832; x_wconf 75' lang='lat' dir='ltr'><em>Nipperdey</em></span> <span class='ocrx_word' id='word_1_220' title='bbox 1558 1777 1616 1819; x_wconf 93' lang='lat' dir='ltr'><strong>ad</strong></span> <span class='ocrx_word' id='word_1_221' title='bbox 1640 1777 1737 1820; x_wconf 86' lang='lat' dir='ltr'><em>Tac.</em></span> <span class='ocrx_word' id='word_1_222' title='bbox 1760 1791 1799 1821; x_wconf 89' lang='lat' dir='ltr'><strong>a.</strong></span> <span class='ocrx_word' id='word_1_223' title='bbox 1822 1779 1861 1827; x_wconf 91' lang='lat'><strong>3,</strong></span> <span class='ocrx_word' id='word_1_224' title='bbox 1886 1780 1948 1828; x_wconf 90' lang='lat'><strong>11,</strong></span> 
     </span>
     <span class='ocr_line' id='line_1_24' title="bbox 212 1845 1949 1903; baseline -0.002 -13"><span class='ocrx_word' id='word_1_225' title='bbox 212 1850 262 1890; x_wconf 86' lang='lat' dir='ltr'><strong>ut</strong></span> <span class='ocrx_word' id='word_1_226' title='bbox 289 1846 476 1890; x_wconf 86' lang='lat' dir='ltr'><em>diversus</em></span> <span class='ocrx_word' id='word_1_227' title='bbox 506 1847 641 1900; x_wconf 81' lang='lat' dir='ltr'><em>fuerit</em></span> <span class='ocrx_word' id='word_1_228' title='bbox 671 1861 699 1889; x_wconf 90' lang='lat' dir='ltr'><em>a</em></span> <span class='ocrx_word' id='word_1_229' title='bbox 727 1850 886 1898; x_wconf 86' lang='lat' dir='ltr'><em>nostro,</em></span> <span class='ocrx_word' id='word_1_230' title='bbox 913 1847 1073 1890; x_wconf 86' lang='lat' dir='ltr'><em>scilicet</em></span> <span class='ocrx_word' id='word_1_231' title='bbox 1092 1850 1226 1902; x_wconf 85' lang='lat' dir='ltr'><em>pater</em></span> <span class='ocrx_word' id='word_1_232' title='bbox 1255 1846 1374 1902; x_wconf 86' lang='lat' dir='ltr'><em>eius),</em></span> <span class='ocrx_word' id='word_1_233' title='bbox 1406 1854 1507 1903; x_wconf 78' lang='lat' dir='ltr'><strong>‘quo</strong></span> <span class='ocrx_word' id='word_1_234' title='bbox 1538 1861 1663 1888; x_wconf 90' lang='lat' dir='ltr'><strong>nemo</strong></span> <span class='ocrx_word' id='word_1_235' title='bbox 1691 1847 1735 1887; x_wconf 92' lang='lat' dir='ltr'><strong>in</strong></span> <span class='ocrx_word' id='word_1_236' title='bbox 1768 1845 1949 1901; x_wconf 84' lang='lat' dir='ltr'><em>agendis</em></span> 
     </span>
     <span class='ocr_line' id='line_1_25' title="bbox 213 1913 1949 1972; baseline 0 -14"><span class='ocrx_word' id='word_1_237' title='bbox 213 1917 355 1958; x_wconf 83' lang='lat' dir='ltr'><strong>causis</strong></span> <span class='ocrx_word' id='word_1_238' title='bbox 385 1916 656 1972; x_wconf 84' lang='lat' dir='ltr'><strong>praesentius</strong></span> <span class='ocrx_word' id='word_1_239' title='bbox 695 1915 848 1958; x_wconf 88' lang='lat' dir='ltr'><strong>habuit</strong></span> <span class='ocrx_word' id='word_1_240' title='bbox 885 1917 1142 1971; x_wconf 79' lang='lat' dir='ltr'><strong>ingenium³;</strong></span> <span class='ocrx_word' id='word_1_241' title='bbox 1183 1916 1238 1958; x_wconf 87' lang='lat' dir='ltr'><strong>de</strong></span> <span class='ocrx_word' id='word_1_242' title='bbox 1277 1931 1328 1958; x_wconf 83' lang='lat' dir='ltr'><strong>ea</strong></span> <span class='ocrx_word' id='word_1_243' title='bbox 1358 1931 1405 1958; x_wconf 88' lang='lat' dir='ltr'><strong>re</strong></span> <span class='ocrx_word' id='word_1_244' title='bbox 1441 1915 1604 1958; x_wconf 91' lang='lat' dir='ltr'><strong>dictum</strong></span> <span class='ocrx_word' id='word_1_245' title='bbox 1636 1914 1727 1957; x_wconf 84' lang='lat' dir='ltr'><strong>divi</strong></span> <span class='ocrx_word' id='word_1_246' title='bbox 1758 1913 1949 1970; x_wconf 87' lang='lat' dir='ltr'><strong>Augusti</strong></span> 
     </span>
     <span class='ocr_line' id='line_1_26' title="bbox 214 1983 1950 2041; baseline -0.002 -12"><span class='ocrx_word' id='word_1_247' title='bbox 214 1984 377 2029; x_wconf 84' lang='lat' dir='ltr'><em>Seneca</em></span> <span class='ocrx_word' id='word_1_248' title='bbox 407 1988 538 2028; x_wconf 84' lang='lat' dir='ltr'><strong>contr.</strong></span> <span class='ocrx_word' id='word_1_249' title='bbox 559 1988 603 2036; x_wconf 82' lang='lat'><strong>2,</strong></span> <span class='ocrx_word' id='word_1_250' title='bbox 624 1987 651 2028; x_wconf 89' lang='lat'><strong><em>5</em></strong></span> <span class='ocrx_word' id='word_1_251' title='bbox 673 1985 773 2041; x_wconf 86' lang='lat'><em>(13),</em></span> <span class='ocrx_word' id='word_1_252' title='bbox 796 1989 863 2028; x_wconf 85' lang='lat'><strong>19.</strong></span> <span class='ocrx_word' id='word_1_253' title='bbox 887 1990 956 2030; x_wconf 91' lang='grc'><strong>20.</strong></span> <span class='ocrx_word' id='word_1_254' title='bbox 1001 1986 1122 2028; x_wconf 79' lang='lat' dir='ltr'><em>Ideni</em></span> <span class='ocrx_word' id='word_1_255' title='bbox 1153 1985 1218 2041; x_wconf 91' lang='lat' dir='ltr'><strong>[L.</strong></span> <span class='ocrx_word' id='word_1_256' title='bbox 1240 1984 1467 2040; x_wconf 60' lang='lat' dir='ltr'><strong>Vinucius,</strong></span> <span class='ocrx_word' id='word_1_257' title='bbox 1502 1985 1553 2027; x_wconf 94' lang='lat' dir='ltr'><strong>L.</strong></span> <span class='ocrx_word' id='word_1_258' title='bbox 1574 1984 1617 2038; x_wconf 88' lang='lat' dir='ltr'><strong>f.,</strong></span> <span class='ocrx_word' id='word_1_259' title='bbox 1640 1983 1699 2026; x_wconf 92' lang='lat' dir='ltr'><strong>M.</strong></span> <span class='ocrx_word' id='word_1_260' title='bbox 1721 1999 1776 2038; x_wconf 93' lang='lat' dir='ltr'><strong>n.,</strong></span> <span class='ocrx_word' id='word_1_261' title='bbox 1799 1983 1950 2026; x_wconf 90' lang='lat' dir='ltr'><strong>consul</strong></span> 
     </span>
     <span class='ocr_line' id='line_1_27' title="bbox 213 2052 1948 2110; baseline -0.001 -14"><span class='ocrx_word' id='word_1_262' title='bbox 213 2054 310 2099; x_wconf 87' lang='lat' dir='ltr'><em>suff.</em></span> <span class='ocrx_word' id='word_1_263' title='bbox 342 2069 381 2097; x_wconf 86' lang='lat' dir='ltr'><strong>a.</strong></span> <span class='ocrx_word' id='word_1_264' title='bbox 414 2054 497 2097; x_wconf 84' lang='lat'><strong>749</strong></span> <span class='ocrx_word' id='word_1_265' title='bbox 526 2054 636 2108; x_wconf 81' lang='lat' dir='ltr'><em>fasti</em></span> <span class='ocrx_word' id='word_1_266' title='bbox 663 2054 870 2096; x_wconf 62' lang='lat' dir='ltr'><strong>Iaaeeerini</strong></span> <span class='ocrx_word' id='word_1_267' title='bbox 898 2054 1035 2110; x_wconf 75' lang='lat' dir='ltr'><em>(CIL.</em></span> <span class='ocrx_word' id='word_1_268' title='bbox 1068 2054 1102 2096; x_wconf 92' lang='lat' dir='ltr'>I</span> <span class='ocrx_word' id='word_1_269' title='bbox 1125 2054 1185 2096; x_wconf 92' lang='lat' dir='ltr'><strong>ed.</strong></span> <span class='ocrx_word' id='word_1_270' title='bbox 1217 2057 1250 2097; x_wconf 92' lang='grc'><strong><em>2</em></strong></span> <span class='ocrx_word' id='word_1_271' title='bbox 1270 2069 1318 2109; x_wconf 90' lang='lat' dir='ltr'><strong>p.</strong></span> <span class='ocrx_word' id='word_1_272' title='bbox 1350 2052 1434 2108; x_wconf 87' lang='lat'><strong>69),</strong></span> <span class='ocrx_word' id='word_1_273' title='bbox 1476 2053 1515 2095; x_wconf 88' lang='lat' dir='ltr'><strong>si</strong></span> <span class='ocrx_word' id='word_1_274' title='bbox 1541 2056 1652 2095; x_wconf 91' lang='lat' dir='ltr'><em>recte</em></span> <span class='ocrx_word' id='word_1_275' title='bbox 1682 2052 1772 2095; x_wconf 87' lang='lat' dir='ltr'><em>eius</em></span> <span class='ocrx_word' id='word_1_276' title='bbox 1799 2066 1948 2095; x_wconf 82' lang='lat' dir='ltr'><strong>nomen</strong></span> 
     </span>
     <span class='ocr_line' id='line_1_28' title="bbox 211 2122 1911 2178; baseline -0.001 -12"><span class='ocrx_word' id='word_1_277' title='bbox 211 2123 288 2166; x_wconf 78' lang='lat' dir='ltr'><strong>hoe</strong></span> <span class='ocrx_word' id='word_1_278' title='bbox 319 2123 410 2166; x_wconf 86' lang='lat' dir='ltr'><strong>loco</strong></span> <span class='ocrx_word' id='word_1_279' title='bbox 433 2123 641 2178; x_wconf 85' lang='lat' dir='ltr'><em>supplevit</em></span> <span class='ocrx_word' id='word_1_280' title='bbox 669 2122 931 2177; x_wconf 75' lang='lat' dir='ltr'><em>Boryhesius</em></span> <span class='ocrx_word' id='word_1_281' title='bbox 962 2137 1056 2178; x_wconf 91' lang='lat' dir='ltr'><em>opp.</em></span> <span class='ocrx_word' id='word_1_282' title='bbox 1082 2126 1109 2166; x_wconf 91' lang='lat'><strong><em>5</em></strong></span> <span class='ocrx_word' id='word_1_283' title='bbox 1128 2138 1177 2177; x_wconf 91' lang='lat' dir='ltr'><strong>p.</strong></span> <span class='ocrx_word' id='word_1_284' title='bbox 1199 2126 1296 2166; x_wconf 90' lang='grc'><strong><em>126.</em></strong></span> <span class='ocrx_word' id='word_1_285' title='bbox 1906 2125 1911 2129; x_wconf 86' lang='grc'><strong>”</strong></span> 
     </span>
    </p>

    <p class='ocr_par' dir='ltr' id='par_1_9' title="bbox 128 2189 1948 2523">
     <span class='ocr_line' id='line_1_29' title="bbox 128 2189 1947 2243; baseline -0.002 -8"><span class='ocrx_word' id='word_1_286' title='bbox 128 2193 214 2235; x_wconf 87' lang='grc'><strong>444</strong></span> <span class='ocrx_word' id='word_1_287' title='bbox 243 2198 296 2234; x_wconf 90' lang='grc' dir='ltr'><strong>Μ.</strong></span> <span class='ocrx_word' id='word_1_288' title='bbox 330 2198 551 2234; x_wconf 88' lang='lat' dir='ltr'>VINICIVS</span> <span class='ocrx_word' id='word_1_289' title='bbox 582 2191 647 2234; x_wconf 83' lang='lat' dir='ltr'><strong>vel</strong></span> <span class='ocrx_word' id='word_1_290' title='bbox 675 2198 910 2234; x_wconf 82' lang='lat' dir='ltr'>VINVCIVS</span> <span class='ocrx_word' id='word_1_291' title='bbox 951 2207 1036 2234; x_wconf 91' lang='lat' dir='ltr'><em>cos.</em></span> <span class='ocrx_word' id='word_1_292' title='bbox 1074 2207 1113 2235; x_wconf 86' lang='lat' dir='ltr'><strong>a.</strong></span> <span class='ocrx_word' id='word_1_293' title='bbox 1146 2192 1242 2236; x_wconf 84' lang='lat'><em>735.</em></span> <span class='ocrx_word' id='word_1_294' title='bbox 1303 2191 1362 2234; x_wconf 91' lang='lat' dir='ltr'><em>M.</em></span> <span class='ocrx_word' id='word_1_295' title='bbox 1401 2191 1600 2234; x_wconf 85' lang='lat' dir='ltr'><strong>Vinicius</strong></span> <span class='ocrx_word' id='word_1_296' title='bbox 1642 2189 1743 2232; x_wconf 81' lang='lat' dir='ltr'><em>Vell.</em></span> <span class='ocrx_word' id='word_1_297' title='bbox 1775 2193 1818 2241; x_wconf 90' lang='grc'><strong>2,</strong></span> <span class='ocrx_word' id='word_1_298' title='bbox 1859 2194 1947 2243; x_wconf 85' lang='grc'><strong><em>104,</em></strong></span> 
     </span>
     <span class='ocr_line' id='line_1_30' title="bbox 210 2258 1946 2315; baseline -0.001 -12"><span class='ocrx_word' id='word_1_299' title='bbox 210 2261 386 2303; x_wconf 83' lang='lat' dir='ltr'><strong>Marcus</strong></span> <span class='ocrx_word' id='word_1_300' title='bbox 416 2260 618 2303; x_wconf 89' lang='lat' dir='ltr'><strong>Vinicius</strong></span> <span class='ocrx_word' id='word_1_301' title='bbox 648 2260 705 2304; x_wconf 86' lang='lat' dir='ltr'><strong>ib.</strong></span> <span class='ocrx_word' id='word_1_302' title='bbox 735 2263 777 2314; x_wconf 91' lang='grc'><strong>2,</strong></span> <span class='ocrx_word' id='word_1_303' title='bbox 810 2264 876 2311; x_wconf 88' lang='grc'><strong><em>96,</em></strong></span> <span class='ocrx_word' id='word_1_304' title='bbox 909 2260 1010 2312; x_wconf 89' lang='lat' dir='ltr'><em>Dio,</em></span> <span class='ocrx_word' id='word_1_305' title='bbox 1043 2261 1229 2303; x_wconf 87' lang='lat' dir='ltr'><strong>Vinnius</strong></span> <span class='ocrx_word' id='word_1_306' title='bbox 1252 2259 1415 2302; x_wconf 82' lang='lat' dir='ltr'><em>Florus</em></span> <span class='ocrx_word' id='word_1_307' title='bbox 1441 2259 1691 2315; x_wconf 91' lang='lat' dir='ltr'><strong>(Duennius</strong></span> <span class='ocrx_word' id='word_1_308' title='bbox 1718 2258 1946 2314; x_wconf 85' lang='lat' dir='ltr'><strong>Jordan.);</strong></span> 
     </span>
     <span class='ocr_line' id='line_1_31' title="bbox 211 2327 1948 2386; baseline -0.002 -14"><span class='ocrx_word' id='word_1_309' title='bbox 211 2330 258 2372; x_wconf 93' lang='lat' dir='ltr'><strong>in</strong></span> <span class='ocrx_word' id='word_1_310' title='bbox 278 2329 502 2372; x_wconf 81' lang='lat' dir='ltr'><em>consulatu</em></span> <span class='ocrx_word' id='word_1_311' title='bbox 522 2329 689 2386; x_wconf 79' lang='grc' dir='ltr'><strong>Μάρκος</strong></span> <span class='ocrx_word' id='word_1_312' title='bbox 709 2327 935 2376; x_wconf 79' lang='grc' dir='ltr'>Οὐινούκιος</span> <span class='ocrx_word' id='word_1_313' title='bbox 953 2344 1063 2372; x_wconf 82' lang='lat' dir='ltr'><em>mon.</em></span> <span class='ocrx_word' id='word_1_314' title='bbox 1084 2329 1245 2384; x_wconf 75' lang='lat' dir='ltr'><em>Ancyr.</em></span> <span class='ocrx_word' id='word_1_315' title='bbox 1270 2328 1348 2371; x_wconf 77' lang='lat' dir='ltr'><strong>Gr.</strong></span> <span class='ocrx_word' id='word_1_316' title='bbox 1369 2331 1409 2379; x_wconf 89' lang='lat'><strong>3,</strong></span> <span class='ocrx_word' id='word_1_317' title='bbox 1431 2331 1495 2370; x_wconf 94' lang='grc'><strong>11.</strong></span> <span class='ocrx_word' id='word_1_318' title='bbox 1529 2331 1566 2378; x_wconf 90' lang='grc'><strong><em>6,</em></strong></span> <span class='ocrx_word' id='word_1_319' title='bbox 1591 2331 1644 2370; x_wconf 94' lang='grc'><strong>11</strong></span> <span class='ocrx_word' id='word_1_320' title='bbox 1663 2328 1777 2383; x_wconf 88' lang='lat' dir='ltr'><em>(Lat.</em></span> <span class='ocrx_word' id='word_1_321' title='bbox 1797 2341 1948 2370; x_wconf 83' lang='lat' dir='ltr'><strong>nomen</strong></span> 
     </span>
     <span class='ocr_line' id='line_1_32' title="bbox 203 2395 1944 2454; baseline -0.002 -13"><span class='ocrx_word' id='word_1_322' title='bbox 203 2397 368 2454; x_wconf 85' lang='lat' dir='ltr'><em>periit),</em></span> <span class='ocrx_word' id='word_1_323' title='bbox 400 2398 460 2440; x_wconf 93' lang='lat' dir='ltr'><strong>M.</strong></span> <span class='ocrx_word' id='word_1_324' title='bbox 493 2398 708 2440; x_wconf 90' lang='lat' dir='ltr'><strong>Vinucius</strong></span> <span class='ocrx_word' id='word_1_325' title='bbox 738 2399 847 2450; x_wconf 80' lang='lat' dir='ltr'><em>fasti</em></span> <span class='ocrx_word' id='word_1_326' title='bbox 883 2397 1100 2441; x_wconf 81' lang='lat' dir='ltr'><em>Colotiani</em></span> <span class='ocrx_word' id='word_1_327' title='bbox 1128 2397 1257 2453; x_wconf 81' lang='lat' dir='ltr'><em>(CIL.</em></span> <span class='ocrx_word' id='word_1_328' title='bbox 1279 2397 1314 2439; x_wconf 90' lang='lat' dir='ltr'>I</span> <span class='ocrx_word' id='word_1_329' title='bbox 1336 2397 1398 2441; x_wconf 87' lang='lat' dir='ltr'><strong>ed.</strong></span> <span class='ocrx_word' id='word_1_330' title='bbox 1428 2400 1460 2440; x_wconf 97' lang='grc'><strong><em>2</em></strong></span> <span class='ocrx_word' id='word_1_331' title='bbox 1486 2411 1533 2451; x_wconf 83' lang='lat' dir='ltr'><strong>p.</strong></span> <span class='ocrx_word' id='word_1_332' title='bbox 1568 2398 1651 2452; x_wconf 89' lang='grc'><strong><em>64),</em></strong></span> <span class='ocrx_word' id='word_1_333' title='bbox 1683 2395 1742 2438; x_wconf 93' lang='lat' dir='ltr'><strong>M.</strong></span> <span class='ocrx_word' id='word_1_334' title='bbox 1774 2396 1859 2439; x_wconf 93' lang='lat' dir='ltr'><strong>Vi.</strong></span> <span class='ocrx_word' id='word_1_335' title='bbox 1878 2429 1887 2439; x_wconf 94' lang='lat'><strong>.</strong></span> <span class='ocrx_word' id='word_1_336' title='bbox 1906 2429 1916 2438; x_wconf 88' lang='lat'><strong>.</strong></span> <span class='ocrx_word' id='word_1_337' title='bbox 1935 2430 1944 2438; x_wconf 93' lang='lat'><strong>.</strong></span> 
     </span>
     <span class='ocr_line' id='line_1_33' title="bbox 210 2466 1406 2523; baseline -0.003 -12"><span class='ocrx_word' id='word_1_338' title='bbox 210 2468 319 2523; x_wconf 84' lang='lat' dir='ltr'><em>fasti</em></span> <span class='ocrx_word' id='word_1_339' title='bbox 345 2466 587 2510; x_wconf 89' lang='lat' dir='ltr'><em>Biondiani</em></span> <span class='ocrx_word' id='word_1_340' title='bbox 616 2467 690 2522; x_wconf 83' lang='lat' dir='ltr'><em>(ib.</em></span> <span class='ocrx_word' id='word_1_341' title='bbox 715 2482 760 2521; x_wconf 86' lang='lat' dir='ltr'><strong>p.</strong></span> <span class='ocrx_word' id='word_1_342' title='bbox 783 2469 864 2522; x_wconf 88' lang='grc'><strong><em>65),</em></strong></span> <span class='ocrx_word' id='word_1_343' title='bbox 897 2467 956 2509; x_wconf 84' lang='grc' dir='ltr'><strong>Μ.</strong></span> <span class='ocrx_word' id='word_1_344' title='bbox 988 2467 1134 2510; x_wconf 90' lang='lat' dir='ltr'><strong>Vinic.</strong></span> <span class='ocrx_word' id='word_1_345' title='bbox 1166 2466 1266 2509; x_wconf 88' lang='lat' dir='ltr'><strong>XV</strong></span> <span class='ocrx_word' id='word_1_346' title='bbox 1284 2468 1406 2509; x_wconf 82' lang='lat'><em>4590.</em></span> 
     </span>
    </p>

    <p class='ocr_par' dir='ltr' id='par_1_10' title="bbox 208 2533 1946 3348">
     <span class='ocr_line' id='line_1_34' title="bbox 299 2533 1938 2589; baseline -0.003 -9"><span class='ocrx_word' id='word_1_347' title='bbox 299 2535 478 2580; x_wconf 80' lang='lat' dir='ltr'><strong>Calibus</strong></span> <span class='ocrx_word' id='word_1_348' title='bbox 518 2535 729 2578; x_wconf 88' lang='lat' dir='ltr'><strong>oriundus</strong></span> <span class='ocrx_word' id='word_1_349' title='bbox 765 2536 863 2580; x_wconf 84' lang='lat' dir='ltr'><em>Tac.</em></span> <span class='ocrx_word' id='word_1_350' title='bbox 898 2551 938 2578; x_wconf 92' lang='lat' dir='ltr'><strong>a.</strong></span> <span class='ocrx_word' id='word_1_351' title='bbox 970 2539 1007 2587; x_wconf 92' lang='lat'><em>6,</em></span> <span class='ocrx_word' id='word_1_352' title='bbox 1040 2537 1094 2578; x_wconf 90' lang='lat'><strong>15</strong></span> <span class='ocrx_word' id='word_1_353' title='bbox 1134 2533 1260 2588; x_wconf 85' lang='lat' dir='ltr'><em>(certe</em></span> <span class='ocrx_word' id='word_1_354' title='bbox 1299 2534 1443 2589; x_wconf 90' lang='lat' dir='ltr'><em>nepoti</em></span> <span class='ocrx_word' id='word_1_355' title='bbox 1479 2533 1590 2576; x_wconf 80' lang='lat' dir='ltr'><em>hanc</em></span> <span class='ocrx_word' id='word_1_356' title='bbox 1631 2533 1835 2588; x_wconf 74' lang='lat' dir='ltr'><strong>oriyinem</strong></span> <span class='ocrx_word' id='word_1_357' title='bbox 1879 2533 1938 2575; x_wconf 92' lang='lat' dir='ltr'><strong>ad</strong></span> 
     </span>
     <span class='ocr_line' id='line_1_35' title="bbox 209 2601 1946 2661; baseline -0.003 -13"><span class='ocrx_word' id='word_1_358' title='bbox 209 2604 426 2660; x_wconf 85' lang='lat' dir='ltr'><em>scribens),</em></span> <span class='ocrx_word' id='word_1_359' title='bbox 449 2611 573 2661; x_wconf 87' lang='lat' dir='ltr'><strong>patre</strong></span> <span class='ocrx_word' id='word_1_360' title='bbox 595 2606 741 2661; x_wconf 89' lang='lat' dir='ltr'><strong>equite</strong></span> <span class='ocrx_word' id='word_1_361' title='bbox 762 2605 956 2647; x_wconf 86' lang='lat' dir='ltr'><strong>Romano</strong></span> <span class='ocrx_word' id='word_1_362' title='bbox 980 2605 1077 2647; x_wconf 81' lang='lat' dir='ltr'><em>Tac.</em></span> <span class='ocrx_word' id='word_1_363' title='bbox 1101 2604 1128 2646; x_wconf 81' lang='lat' dir='ltr'><strong>l.</strong></span> <span class='ocrx_word' id='word_1_364' title='bbox 1147 2617 1179 2647; x_wconf 89' lang='lat' dir='ltr'><strong>c.</strong></span> <span class='ocrx_word' id='word_1_365' title='bbox 1192 2617 1206 2655; x_wconf 95' lang='lat'><strong>,·</strong></span> <span class='ocrx_word' id='word_1_366' title='bbox 1231 2604 1280 2645; x_wconf 89' lang='lat' dir='ltr'><strong>P.</strong></span> <span class='ocrx_word' id='word_1_367' title='bbox 1302 2603 1331 2645; x_wconf 89' lang='lat' dir='ltr'><strong>f.</strong></span> <span class='ocrx_word' id='word_1_368' title='bbox 1353 2603 1462 2657; x_wconf 81' lang='lat' dir='ltr'><em>fasti</em></span> <span class='ocrx_word' id='word_1_369' title='bbox 1483 2601 1709 2645; x_wconf 81' lang='lat' dir='ltr'><em>Gelotiani.</em></span> <span class='ocrx_word' id='word_1_370' title='bbox 1741 2601 1946 2644; x_wconf 89' lang='lat' dir='ltr'><em>Fortasse</em></span> 
     </span>
     <span class='ocr_line' id='line_1_36' title="bbox 210 2670 1945 2730; baseline -0.004 -12"><span class='ocrx_word' id='word_1_371' title='bbox 210 2675 279 2718; x_wconf 76' lang='lat' dir='ltr'><strong>hie</strong></span> <span class='ocrx_word' id='word_1_372' title='bbox 318 2674 378 2717; x_wconf 92' lang='lat' dir='ltr'><strong>M.</strong></span> <span class='ocrx_word' id='word_1_373' title='bbox 418 2674 620 2716; x_wconf 90' lang='lat' dir='ltr'><strong>Vinicius</strong></span> <span class='ocrx_word' id='word_1_374' title='bbox 660 2673 709 2717; x_wconf 92' lang='lat' dir='ltr'><strong>P.</strong></span> <span class='ocrx_word' id='word_1_375' title='bbox 741 2673 794 2722; x_wconf 87' lang='lat' dir='ltr'><strong>f.‚</strong></span> <span class='ocrx_word' id='word_1_376' title='bbox 837 2680 936 2730; x_wconf 86' lang='lat' dir='ltr'><em>post</em></span> <span class='ocrx_word' id='word_1_377' title='bbox 975 2679 1157 2715; x_wconf 88' lang='lat' dir='ltr'><strong>mortem</strong></span> <span class='ocrx_word' id='word_1_378' title='bbox 1193 2671 1429 2714; x_wconf 86' lang='lat' dir='ltr'><strong>honoratus</strong></span> <span class='ocrx_word' id='word_1_379' title='bbox 1469 2685 1496 2712; x_wconf 87' lang='lat' dir='ltr'>a</span> <span class='ocrx_word' id='word_1_380' title='bbox 1528 2670 1823 2726; x_wconf 90' lang='lat' dir='ltr'><strong>municipibus</strong></span> <span class='ocrx_word' id='word_1_381' title='bbox 1855 2670 1945 2712; x_wconf 89' lang='lat' dir='ltr'><strong>suis</strong></span> 
     </span>
     <span class='ocr_line' id='line_1_37' title="bbox 208 2740 1943 2796; baseline -0.002 -11"><span class='ocrx_word' id='word_1_382' title='bbox 208 2743 257 2786; x_wconf 92' lang='lat' dir='ltr'><strong>X</strong></span> <span class='ocrx_word' id='word_1_383' title='bbox 280 2745 394 2785; x_wconf 87' lang='grc'><strong><em>1818</em></strong></span> <span class='ocrx_word' id='word_1_384' title='bbox 423 2742 470 2795; x_wconf 88' lang='lat' dir='ltr'><strong>(t.</strong></span> <span class='ocrx_word' id='word_1_385' title='bbox 501 2742 636 2785; x_wconf 83' lang='lat' dir='ltr'><em>musei</em></span> <span class='ocrx_word' id='word_1_386' title='bbox 656 2741 951 2796; x_wconf 86' lang='lat' dir='ltr'><em>Neapolitani,</em></span> <span class='ocrx_word' id='word_1_387' title='bbox 983 2741 1057 2785; x_wconf 83' lang='lat' dir='ltr'><strong>sed</strong></span> <span class='ocrx_word' id='word_1_388' title='bbox 1081 2742 1155 2796; x_wconf 77' lang='lat' dir='ltr'><strong>qui</strong></span> <span class='ocrx_word' id='word_1_389' title='bbox 1181 2740 1357 2783; x_wconf 82' lang='lat' dir='ltr'><em>Calibus</em></span> <span class='ocrx_word' id='word_1_390' title='bbox 1389 2743 1633 2794; x_wconf 86' lang='lat' dir='ltr'><em>asportatus</em></span> <span class='ocrx_word' id='word_1_391' title='bbox 1664 2753 1750 2782; x_wconf 89' lang='lat' dir='ltr'><em>esse</em></span> <span class='ocrx_word' id='word_1_392' title='bbox 1772 2741 1943 2794; x_wconf 87' lang='lat' dir='ltr'><em>pot-est).</em></span> 
     </span>
     <span class='ocr_line' id='line_1_38' title="bbox 212 2809 1945 2866; baseline -0.003 -12"><span class='ocrx_word' id='word_1_393' title='bbox 212 2811 263 2854; x_wconf 90' lang='lat' dir='ltr'><strong>A.</strong></span> <span class='ocrx_word' id='word_1_394' title='bbox 296 2812 378 2854; x_wconf 83' lang='lat'><strong>729</strong></span> <span class='ocrx_word' id='word_1_395' title='bbox 420 2812 742 2856; x_wconf 86' lang='lat' dir='ltr'><strong>Germanorum</strong></span> <span class='ocrx_word' id='word_1_396' title='bbox 781 2810 986 2866; x_wconf 87' lang='grc' dir='ltr'><strong>(Κελτῶν)</strong></span> <span class='ocrx_word' id='word_1_397' title='bbox 1020 2809 1242 2866; x_wconf 86' lang='lat' dir='ltr'><strong>quosdam,</strong></span> <span class='ocrx_word' id='word_1_398' title='bbox 1286 2809 1359 2866; x_wconf 94' lang='lat' dir='ltr'><strong>qui</strong></span> <span class='ocrx_word' id='word_1_399' title='bbox 1399 2809 1617 2850; x_wconf 85' lang='lat' dir='ltr'><strong>Romanos</strong></span> <span class='ocrx_word' id='word_1_400' title='bbox 1657 2809 1945 2862; x_wconf 86' lang='lat' dir='ltr'><strong>negotiatores</strong></span> 
     </span>
     <span class='ocr_line' id='line_1_39' title="bbox 210 2876 1943 2936; baseline -0.003 -12"><span class='ocrx_word' id='word_1_401' title='bbox 210 2880 542 2933; x_wconf 85' lang='lat' dir='ltr'><strong>interfecerant,</strong></span> <span class='ocrx_word' id='word_1_402' title='bbox 586 2881 759 2936; x_wconf 84' lang='lat' dir='ltr'><strong>punivit</strong></span> <span class='ocrx_word' id='word_1_403' title='bbox 798 2878 886 2922; x_wconf 88' lang='lat' dir='ltr'><strong>Dio</strong></span> <span class='ocrx_word' id='word_1_404' title='bbox 916 2882 981 2929; x_wconf 87' lang='lat'><strong><em>53,</em></strong></span> <span class='ocrx_word' id='word_1_405' title='bbox 1014 2882 1074 2922; x_wconf 92' lang='grc'><strong>26</strong></span> <span class='ocrx_word' id='word_1_406' title='bbox 1116 2876 1322 2932; x_wconf 74' lang='lat' dir='ltr'><em>(intelleyi</em></span> <span class='ocrx_word' id='word_1_407' title='bbox 1357 2877 1521 2919; x_wconf 86' lang='lat' dir='ltr'><em>incolas</em></span> <span class='ocrx_word' id='word_1_408' title='bbox 1559 2876 1686 2919; x_wconf 80' lang='lat' dir='ltr'><em>vallis</em></span> <span class='ocrx_word' id='word_1_409' title='bbox 1716 2876 1943 2927; x_wconf 90' lang='lat' dir='ltr'><em>Poeninae,</em></span> 
     </span>
     <span class='ocr_line' id='line_1_40' title="bbox 211 2945 1946 3001; baseline -0.002 -9"><span class='ocrx_word' id='word_1_410' title='bbox 211 2953 251 2992; x_wconf 89' lang='lat' dir='ltr'><strong>et</strong></span> <span class='ocrx_word' id='word_1_411' title='bbox 287 2963 376 2991; x_wconf 81' lang='lat' dir='ltr'><strong>rem</strong></span> <span class='ocrx_word' id='word_1_412' title='bbox 417 2948 620 2991; x_wconf 86' lang='lat' dir='ltr'><em>accidisse</em></span> <span class='ocrx_word' id='word_1_413' title='bbox 652 2962 764 2990; x_wconf 90' lang='lat' dir='ltr'><em>anno</em></span> <span class='ocrx_word' id='word_1_414' title='bbox 796 2948 959 2990; x_wconf 81' lang='lat' dir='ltr'><strong>denium</strong></span> <span class='ocrx_word' id='word_1_415' title='bbox 992 2950 1084 2998; x_wconf 84' lang='lat'><em>739,</em></span> <span class='ocrx_word' id='word_1_416' title='bbox 1115 2947 1359 3001; x_wconf 86' lang='lat' dir='ltr'><em>suspicatur</em></span> <span class='ocrx_word' id='word_1_417' title='bbox 1391 2946 1542 3001; x_wconf 79' lang='lat' dir='ltr'><em>Zippel</em></span> <span class='ocrx_word' id='word_1_418' title='bbox 1560 2950 1663 2989; x_wconf 72' lang='lat' dir='ltr'><em>rom.</em></span> <span class='ocrx_word' id='word_1_419' title='bbox 1686 2945 1946 3000; x_wconf 77' lang='lat' dir='ltr'><em>Herrschaft</em></span> 
     </span>
     <span class='ocr_line' id='line_1_41' title="bbox 210 3013 1946 3072; baseline -0.002 -12"><span class='ocrx_word' id='word_1_420' title='bbox 210 3018 258 3060; x_wconf 85' lang='lat' dir='ltr'><strong>in</strong></span> <span class='ocrx_word' id='word_1_421' title='bbox 295 3017 329 3060; x_wconf 95' lang='lat' dir='ltr'>I</span> <span class='ocrx_word' id='word_1_422' title='bbox 332 3017 484 3072; x_wconf 77' lang='lat' dir='ltr'><em>llyrien</em></span> <span class='ocrx_word' id='word_1_423' title='bbox 515 3031 564 3071; x_wconf 89' lang='lat' dir='ltr'><strong>p.</strong></span> <span class='ocrx_word' id='word_1_424' title='bbox 595 3020 703 3070; x_wconf 87' lang='grc'><strong><em>252,</em></strong></span> <span class='ocrx_word' id='word_1_425' title='bbox 746 3017 818 3058; x_wconf 73' lang='lat' dir='ltr'><em>viee</em></span> <span class='ocrx_word' id='word_1_426' title='bbox 851 3015 992 3070; x_wconf 89' lang='lat' dir='ltr'><em>recte).</em></span> <span class='ocrx_word' id='word_1_427' title='bbox 1053 3014 1216 3057; x_wconf 82' lang='lat' dir='ltr'><strong>Consul</strong></span> <span class='ocrx_word' id='word_1_428' title='bbox 1257 3015 1353 3058; x_wconf 90' lang='lat' dir='ltr'><em>suff.</em></span> <span class='ocrx_word' id='word_1_429' title='bbox 1395 3030 1433 3056; x_wconf 89' lang='lat' dir='ltr'><strong>a.</strong></span> <span class='ocrx_word' id='word_1_430' title='bbox 1467 3015 1548 3057; x_wconf 84' lang='lat'><strong>‘735</strong></span> <span class='ocrx_word' id='word_1_431' title='bbox 1587 3015 1695 3068; x_wconf 66' lang='lat' dir='ltr'><em>fasti·</em></span> <span class='ocrx_word' id='word_1_432' title='bbox 1730 3013 1946 3057; x_wconf 78' lang='lat' dir='ltr'><em>Gelotiani</em></span> 
     </span>
     <span class='ocr_line' id='line_1_42' title="bbox 212 3081 1944 3140; baseline -0.002 -11"><span class='ocrx_word' id='word_1_433' title='bbox 212 3090 251 3129; x_wconf 90' lang='lat' dir='ltr'><strong>et</strong></span> <span class='ocrx_word' id='word_1_434' title='bbox 286 3085 548 3136; x_wconf 90' lang='lat' dir='ltr'><em>Biondiani,</em></span> <span class='ocrx_word' id='word_1_435' title='bbox 589 3099 688 3126; x_wconf 87' lang='lat' dir='ltr'><strong>cum</strong></span> <span class='ocrx_word' id='word_1_436' title='bbox 730 3084 783 3137; x_wconf 78' lang='lat' dir='ltr'><strong>Q.</strong></span> <span class='ocrx_word' id='word_1_437' title='bbox 817 3085 1021 3127; x_wconf 86' lang='lat' dir='ltr'><strong>Lucretio</strong></span> <span class='ocrx_word' id='word_1_438' title='bbox 1053 3082 1330 3140; x_wconf 88' lang='lat' dir='ltr'><strong>(Vispillone)</strong></span> <span class='ocrx_word' id='word_1_439' title='bbox 1361 3097 1471 3125; x_wconf 84' lang='lat' dir='ltr'><em>mon.</em></span> <span class='ocrx_word' id='word_1_440' title='bbox 1502 3082 1663 3138; x_wconf 76' lang='lat' dir='ltr'><em>Ancyr.</em></span> <span class='ocrx_word' id='word_1_441' title='bbox 1695 3081 1944 3126; x_wconf 85' lang='lat' dir='ltr'><strong>Consularis</strong></span> 
     </span>
     <span class='ocr_line' id='line_1_43' title="bbox 211 3151 1944 3210; baseline -0.002 -13"><span class='ocrx_word' id='word_1_442' title='bbox 211 3155 337 3210; x_wconf 80' lang='lat' dir='ltr'><em>(coss,</em></span> <span class='ocrx_word' id='word_1_443' title='bbox 369 3153 575 3207; x_wconf 87' lang='lat' dir='ltr'><em>traditur)</em></span> <span class='ocrx_word' id='word_1_444' title='bbox 618 3153 717 3196; x_wconf 82' lang='lat' dir='ltr'><em>Vell.</em></span> <span class='ocrx_word' id='word_1_445' title='bbox 750 3156 793 3203; x_wconf 90' lang='grc'><strong>2,</strong></span> <span class='ocrx_word' id='word_1_446' title='bbox 834 3156 887 3196; x_wconf 91' lang='lat'><em>96</em></span> <span class='ocrx_word' id='word_1_447' title='bbox 897 3167 910 3204; x_wconf 91' lang='lat'><strong><em>;</em></strong></span> <span class='ocrx_word' id='word_1_448' title='bbox 941 3154 996 3207; x_wconf 83' lang='lat' dir='ltr'><strong>cf.</strong></span> <span class='ocrx_word' id='word_1_449' title='bbox 1032 3153 1130 3195; x_wconf 81' lang='lat' dir='ltr'><em>Tac.</em></span> <span class='ocrx_word' id='word_1_450' title='bbox 1166 3166 1205 3194; x_wconf 91' lang='lat' dir='ltr'><strong>a.</strong></span> <span class='ocrx_word' id='word_1_451' title='bbox 1237 3155 1282 3202; x_wconf 93' lang='lat'><em>6,</em></span> <span class='ocrx_word' id='word_1_452' title='bbox 1315 3155 1380 3196; x_wconf 89' lang='lat'><em>15.</em></span> <span class='ocrx_word' id='word_1_453' title='bbox 1445 3151 1515 3195; x_wconf 94' lang='lat' dir='ltr'><strong>Ab</strong></span> <span class='ocrx_word' id='word_1_454' title='bbox 1556 3152 1756 3206; x_wconf 86' lang='lat' dir='ltr'><strong>Augusto</strong></span> <span class='ocrx_word' id='word_1_455' title='bbox 1787 3154 1944 3194; x_wconf 91' lang='lat' dir='ltr'><strong>missus</strong></span> 
     </span>
     <span class='ocr_line' id='line_1_44' title="bbox 212 3219 1942 3276; baseline -0.002 -9"><span class='ocrx_word' id='word_1_456' title='bbox 212 3224 268 3267; x_wconf 85' lang='lat' dir='ltr'><strong>ad</strong></span> <span class='ocrx_word' id='word_1_457' title='bbox 307 3223 557 3266; x_wconf 88' lang='lat' dir='ltr'><strong>Pannonios</strong></span> <span class='ocrx_word' id='word_1_458' title='bbox 599 3222 837 3265; x_wconf 85' lang='lat' dir='ltr'><em>domandos</em></span> <span class='ocrx_word' id='word_1_459' title='bbox 890 3221 1049 3264; x_wconf 78' lang='lat' dir='ltr'><em>Florus</em></span> <span class='ocrx_word' id='word_1_460' title='bbox 1082 3225 1134 3272; x_wconf 91' lang='grc'><strong>2,</strong></span> <span class='ocrx_word' id='word_1_461' title='bbox 1175 3224 1234 3265; x_wconf 87' lang='grc'><strong><em>24</em></strong></span> <span class='ocrx_word' id='word_1_462' title='bbox 1274 3221 1388 3276; x_wconf 87' lang='lat' dir='ltr'><em>(inde</em></span> <span class='ocrx_word' id='word_1_463' title='bbox 1423 3220 1631 3263; x_wconf 88' lang='lat' dir='ltr'><em>Iordanes</em></span> <span class='ocrx_word' id='word_1_464' title='bbox 1669 3220 1793 3263; x_wconf 85' lang='lat' dir='ltr'><em>Rom.</em></span> <span class='ocrx_word' id='word_1_465' title='bbox 1828 3219 1942 3275; x_wconf 83' lang='grc'><strong><em>243),</em></strong></span> 
     </span>
     <span class='ocr_line' id='line_1_45' title="bbox 211 3290 1940 3348; baseline -0.001 -13"><span class='ocrx_word' id='word_1_466' title='bbox 211 3292 374 3336; x_wconf 91' lang='lat' dir='ltr'><strong>bellum</strong></span> <span class='ocrx_word' id='word_1_467' title='bbox 403 3292 538 3347; x_wconf 88' lang='lat' dir='ltr'><em>gessit</em></span> <span class='ocrx_word' id='word_1_468' title='bbox 568 3292 612 3333; x_wconf 93' lang='lat' dir='ltr'><strong>in</strong></span> <span class='ocrx_word' id='word_1_469' title='bbox 634 3292 863 3333; x_wconf 86' lang='lat' dir='ltr'><strong>Pannonia</strong></span> <span class='ocrx_word' id='word_1_470' title='bbox 893 3290 994 3334; x_wconf 82' lang='lat' dir='ltr'><em>Vell.</em></span> <span class='ocrx_word' id='word_1_471' title='bbox 1016 3295 1059 3342; x_wconf 92' lang='grc'><strong>2,</strong></span> <span class='ocrx_word' id='word_1_472' title='bbox 1081 3294 1147 3333; x_wconf 90' lang='grc'><strong>96.</strong></span> <span class='ocrx_word' id='word_1_473' title='bbox 1194 3290 1367 3333; x_wconf 83' lang='lat' dir='ltr'><strong>Deinde</strong></span> <span class='ocrx_word' id='word_1_474' title='bbox 1397 3291 1552 3332; x_wconf 87' lang='lat' dir='ltr'><strong>missus</strong></span> <span class='ocrx_word' id='word_1_475' title='bbox 1583 3291 1628 3332; x_wconf 94' lang='lat' dir='ltr'><strong>in</strong></span> <span class='ocrx_word' id='word_1_476' title='bbox 1650 3291 1940 3348; x_wconf 81' lang='lat' dir='ltr'><strong>Germaniam,</strong></span> 
     </span>
    </p>
   </div>
   <div class='ocr_carea' id='block_1_4' title="bbox 208 3358 1939 3463">
    <p class='ocr_par' dir='ltr' id='par_1_11' title="bbox 208 3358 1939 3463">
     <span class='ocr_line' id='line_1_46' title="bbox 208 3358 1939 3414; baseline -0.001 -10"><span class='ocrx_word' id='word_1_477' title='bbox 208 3360 284 3404; x_wconf 93' lang='lat' dir='ltr'><strong>ubi</strong></span> <span class='ocrx_word' id='word_1_478' title='bbox 328 3360 488 3404; x_wconf 91' lang='lat' dir='ltr'><strong>bellum</strong></span> <span class='ocrx_word' id='word_1_479' title='bbox 533 3359 767 3402; x_wconf 89' lang='lat' dir='ltr'><strong>conflatum</strong></span> <span class='ocrx_word' id='word_1_480' title='bbox 816 3375 854 3404; x_wconf 85' lang='lat' dir='ltr'><strong>a.</strong></span> <span class='ocrx_word' id='word_1_481' title='bbox 902 3360 986 3403; x_wconf 87' lang='lat'><strong>754</strong></span> <span class='ocrx_word' id='word_1_482' title='bbox 1033 3358 1217 3402; x_wconf 87' lang='lat' dir='ltr'><strong>feliciter</strong></span> <span class='ocrx_word' id='word_1_483' title='bbox 1264 3361 1419 3414; x_wconf 88' lang='lat' dir='ltr'><strong>gessit,</strong></span> <span class='ocrx_word' id='word_1_484' title='bbox 1471 3374 1551 3402; x_wconf 89' lang='lat' dir='ltr'><strong>nec</strong></span> <span class='ocrx_word' id='word_1_485' title='bbox 1602 3366 1746 3402; x_wconf 86' lang='lat' dir='ltr'><strong>tamen</strong></span> <span class='ocrx_word' id='word_1_486' title='bbox 1794 3359 1939 3403; x_wconf 84' lang='lat' dir='ltr'><strong>finivit</strong></span> 
     </span>
     <span class='ocr_line' id='line_1_47' title="bbox 1588 3427 1659 3463; baseline 0 -16"><span class='ocrx_word' id='word_1_487' title='bbox 1588 3427 1659 3463; x_wconf 75' lang='lat'><strong>23*</strong></span> 
     </span>
    </p>
   </div>
  </div>
 </body>
</html>
