2242 3672
303 272 587 309 TERENTIVS
1161 262 1245 305 304
1818 267 2106 305 TERENTIVS

389 403 456 447 VI
473 405 597 452 1324,
631 401 745 444 Suet.
769 399 881 453 Any.
904 402 969 450 19,
998 399 1090 441 Tib.
1120 400 1161 449 8,
1193 398 1334 441 Varro
1366 397 1465 441 Tae.
1497 412 1536 441 a.
1567 402 1605 449 1,
1637 401 1703 449 10,
1735 397 1921 440 Murena
1949 397 2104 442 Horat.

383 475 463 515 sat.
486 475 524 521 1,
544 473 583 520 5,
604 472 670 519 38,
701 482 829 512 earm.
850 471 889 517 3,
912 471 978 518 19,
1002 471 1067 518 11,
1101 467 1262 510 Strabo
1280 470 1335 509 14
1345 482 1393 521 p.
1411 470 1504 518 670,
1537 467 1636 510 Vell.
1658 470 1700 518 2,
1723 470 1788 518 93,
1819 466 1981 527 Seneca
2001 466 2104 510 dial.

383 543 446 590 10,
468 542 507 589 4,
529 540 567 587 5,
598 537 646 580 de
673 537 786 580 elem.
807 539 845 586 1,
868 539 906 586 9,
929 539 965 590 6,
999 535 1116 579 Suet.
1146 535 1260 590 Any.
1290 538 1354 580 56.
1385 539 1450 587 66,
1479 535 1718 590 Porphyrio
1749 534 1807 577 ad
1834 534 1942 577 Hor.
1973 547 2103 578 earm.

382 612 425 658 ,2,
456 610 499 656 2,
530 607 557 647 5
567 618 580 655 ;
610 603 660 644 L.
691 602 874 644 Murena
905 601 1004 644 Vell.
1035 605 1078 652 2,
1101 604 1167 656 91,
1197 602 1393 644 Licinius
1424 601 1608 644 Murena
1639 602 1700 656 (et
1720 604 1873 657 postea
1901 600 2104 657 Murena)
2169 607 2175 613 '

379 675 466 718 Dio
495 677 559 724 54,
587 676 625 726 3,
657 671 850 713 Licinius
881 670 1036 714 Horat.
1067 684 1196 713 earm.
1218 673 1260 725 2,
1283 674 1350 713 10.

465 742 517 784 A.
540 741 566 783 f.
589 739 713 782 XIV
725 741 851 782 2109.
897 737 965 781 De
997 739 1158 794 oriyine
1187 740 1276 782 eius
1297 753 1383 782 non
1403 739 1537 794 plane
1557 741 1734 782 constat.
1778 738 1851 781 Ex
1869 737 2104 781 maioribus

380 813 467 855 eius
505 809 698 852 videntur
733 807 887 861 fuisse:
927 807 979 850 A.
1012 807 1242 850 Terentius
1272 808 1413 851 Varro
1446 807 1498 850 A.
1528 807 1558 850 f.
1599 808 1676 863 (sic
1703 806 1830 857 titali,
1871 805 2102 849 Terentius

378 881 519 923 Varro
542 876 805 926 Ps.-Aseon.,
828 876 968 918 Varro
989 876 1116 919 schol.
1146 876 1343 928 Gronov„
1375 876 1656 926 Pseudoaero,
1678 875 1840 918 Verres
1860 872 2100 929 Porphyr),

375 949 542 1003 legatus
573 947 636 1000 (in
662 945 888 1001 provincia
915 943 1036 999 Asia)
1068 948 1095 989 t.
1126 945 1320 988 Rhodius
1339 945 1508 1000 positas
1536 945 1647 987 inter
1676 956 1809 986 annos
1838 946 1924 987 672
1953 945 1993 985 et
2019 944 2102 985 680

376 1017 510 1059 Inser.
540 1014 616 1058 Gr.
647 1013 773 1056 insul.
803 1013 940 1055 maris
968 1012 1133 1067 Aeyaei
1160 1014 1195 1056 I
1215 1027 1257 1056 n.
1287 1016 1355 1064 48,
1397 1017 1423 1055 t.
1462 1014 1510 1056 in
1544 1012 1680 1056 Caria
1716 1026 1804 1067 rep.
1845 1026 1915 1067 ap.
1946 1012 2102 1056 Lebas-

376 1084 660 1138 Waddinyton
688 1084 786 1132 320,
821 1081 1000 1137 [P]ollae
1020 1081 1250 1124 Terentiae
1280 1082 1395 1125 filius
1415 1083 1486 1133 ib„
1514 1081 1853 1139 repetundarum
1872 1087 2100 1127 aecusatus

376 1170 431 1197 ex
460 1153 566 1196 Asia
596 1158 638 1194 et
668 1150 870 1194 defensus
901 1150 955 1193 ab
987 1151 1220 1194 Hortensio
1252 1150 1508 1194 consobrino
1539 1151 1611 1194 Ps.
1634 1150 1789 1194 Asson.
1817 1149 1876 1193 ad
1904 1149 2032 1194 divin.
2052 1150 2100 1194 in

377 1221 531 1266 Caecil.
563 1224 599 1271 7,
622 1223 690 1271 24,
714 1235 763 1274 p.
786 1222 866 1262 109
895 1219 1037 1271 Ονεῖῐ.,
1065 1220 1191 1263 schol.
1220 1220 1404 1264 Gronov.
1429 1220 1488 1263 ad
1517 1219 1633 1264 Verr.
1656 1222 1738 1262 aet.
1758 1219 1793 1262 I
1814 1222 1853 1271 6,
1875 1221 1996 1275 1711.
2015 1222 2101 1263 398

377 1290 518 1340 0r‹ll.,
554 1289 681 1332 schol.
711 1288 769 1331 ad
797 1288 906 1331 Hor.
936 1291 1016 1331 sat.
1046 1291 1090 1340 2,
1112 1292 1150 1340 1,
1172 1292 1250 1341 49;
1280 1288 1332 1331 A.
1366 1289 1506 1332 Varro
1545 1288 1632 1332 Cio.
1666 1287 1725 1331 ad
1751 1289 1856 1343 fam.
1887 1291 1953 1340 16,
1982 1291 2027 1341 2,
2057 1293 2096 1341 6,

374 1359 489 1403 Caes.
514 1359 552 1402 b.
575 1372 608 1401 e.
629 1361 667 1408 3,
691 1360 756 1407 19,
788 1357 929 1400 Varro
956 1357 1141 1400 Murena
1168 1357 1255 1403 C'ie.
1283 1358 1341 1401 ad
1368 1359 1473 1413 fam.
1494 1360 1560 1409 13,
1581 1361 1656 1409 22,
1687 1357 1852 1400 amicus
1872 1355 2098 1402 Ciceronis

374 1427 458 1472 Cic.
485 1428 508 1470 l.
532 1441 579 1478 e.,
611 1442 648 1469 a.
671 1427 753 1469 706
784 1426 828 1467 in
854 1427 1048 1469 exercitu
1068 1427 1264 1483 Pompeii
1295 1426 1413 1470 Caes.
1436 1427 1462 1469 l.
1486 1440 1534 1478 e„
1565 1427 1749 1481 fortasse
1773 1425 1846 1469 ille
1870 1439 1976 1469 avus
1993 1427 2096 1479 eius,

370 1498 437 1540 hie
451 1500 604 1552 patem
623 1496 706 1547 ille,
727 1499 855 1539 natus
871 1497 1040 1539 Licinio
1055 1496 1242 1540 Murena
1264 1496 1406 1551 aliquo
1422 1496 1622 1552 (fortasse
1637 1496 1689 1538 L.
1707 1495 1876 1538 Ia‘einio
1893 1493 2095 1547 Murena,

375 1567 448 1621 qai
486 1580 535 1608 ese
567 1568 780 1620 praetura
825 1579 864 1609 a.
906 1568 988 1607 673
1028 1565 1304 1620 triumphavit
1346 1565 1395 1608 de
1440 1564 1720 1616 Mithridate5
1764 1565 1817 1618 ef.
1861 1563 2098 1608 Mommsen

374 1635 659 1689 Siteunysber.
682 1634 755 1677 der
777 1634 878 1684 herl.
899 1634 1133 1677 Akademie
1152 1637 1267 1679 1892
1286 1649 1334 1689 p.
1357 1634 1453 1689 849)
1485 1638 1525 1677 et
1543 1634 1671 1677 Polla
1696 1633 1903 1688 Terentia,
1934 1633 2099 1677 videtur

374 1703 599 1758 adoptatus
638 1704 691 1746 ab
732 1703 788 1746 A.
836 1704 1028 1747 Terentio
1070 1703 1259 1747 Varrone
1296 1703 1459 1758 aliquo,
1500 1703 1661 1746 scilieet
1699 1717 1776 1746 avo
1813 1705 2004 1746 materno
2033 1702 2098 1746 vel

370 1772 587 1816 avuneala
1790 1805 1793 1809 .

457 1842 611 1883 Frater
651 1841 864 1883 Proculeii
904 1841 992 1885 Dio
1030 1843 1096 1893 54,
1126 1844 1174 1896 3,
1214 1840 1454 1896 Porphyrio
1495 1841 1553 1884 ad
1589 1841 1698 1884 Hor.
1737 1853 1867 1884 earm.
1909 1843 1952 1896 2,
1983 1842 2027 1892 2,
2054 1842 2093 1892 5,

371 1909 504 1952 frater
535 1910 635 1951 item
668 1909 935 1965 (Terentiae)
972 1911 1122 1953 uxoris
1161 1910 1427 1952 Maecenatis
1456 1909 1546 1952 Dio
1576 1909 1603 1952 l.
1635 1924 1669 1953 e.
1730 1909 1783 1952 A.
1815 1909 1897 1952 717
1928 1908 2095 1952 Maece-

372 1985 516 2020 natem
553 1979 817 2035 comitesque
858 1979 950 2021 eius
981 1979 1168 2021 Formiis
1202 1978 1387 2035 hospitio
1419 1979 1583 2035 exeipit
1611 1977 1767 2022 Horat.
1797 1980 1878 2020 sat.
1906 1980 1946 2029 1,
1973 1979 2013 2029 5,
2041 1981 2099 2021 38

372 2047 427 2101 (si
453 2047 521 2089 hie
543 2047 733 2090 Murena
761 2047 1048 2103 intellegitur).
1089 2046 1254 2090 Aedilis
1281 2047 1443 2090 curulis
1464 2062 1563 2090 cum
1584 2047 1634 2089 L.
1657 2045 1874 2090 Trebellio
1906 2045 2098 2091 711324

369 2116 469 2170 (nisi
507 2116 616 2170 forte
654 2116 722 2159 hie
763 2117 911 2159 titulus
951 2121 1011 2159 est
1051 2116 1257 2160 Varronis
1300 2117 1513 2159 Murenae
1545 2117 1692 2171 patris
1731 2118 1771 2158 et
1808 2116 1860 2158 L.
1901 2114 2102 2159 Trebellii

366 2198 484 2237 quem
529 2184 704 2227 aedilem
749 2189 955 2228 memorat
1001 2185 1147 2229 Cicero
1193 2185 1309 2228 Phil.
1349 2188 1394 2236 6,
1435 2189 1479 2236 4,
1520 2185 1605 2239 11).
1677 2183 1730 2228 A.
1772 2184 1855 2227 729
1901 2182 2095 2227 Salassos

366 2252 535 2307 subegit
579 2252 667 2296 Dio
712 2256 787 2304 53,
819 2256 898 2304 25,
951 2254 1111 2298 Strabo
1149 2258 1176 2296 4
1211 2268 1258 2308 p.
1294 2256 1405 2305 206,·
1446 2268 1496 2296 eo
1543 2254 1636 2309 ipso
1682 2252 1797 2307 loeo,
1838 2250 1914 2295 ubi
1954 2256 2096 2295 castra

369 2319 591 2374 habuerat,
625 2320 827 2376 Augusta
858 2322 1083 2364 Praetoria
1114 2321 1289 2364 condita
1318 2321 1480 2365 Strabo
1511 2321 1538 2363 l.
1570 2335 1603 2365 e.
1660 2319 1825 2364 Consul
1851 2318 2094 2363 ordinarius

365 2403 402 2429 a.
445 2388 524 2430 731
568 2404 666 2431 cum
707 2389 905 2445 Augusto
947 2390 1225 2432 undecimum
1266 2389 1442 2432 consule
1481 2390 1589 2444 fasti
1623 2388 1860 2444 Capitolini
1898 2386 1961 2440 (in
1994 2387 2093 2431 reli·

363 2456 455 2509 quis
500 2457 629 2509 fastis
676 2458 918 2500 consulatus
969 2461 1153 2508 tacetur,
1205 2459 1260 2512 ef.
1310 2458 1462 2512 infra).
1541 2457 1696 2512 Augur
1749 2456 1905 2500 Horat.
1959 2469 2091 2500 earm.
2178 2445 2234 2489 *θ’-ἓ

361 2528 399 2574 3,
423 2527 486 2575 19,
514 2528 578 2569 11.
641 2524 854 2569 Patronus
885 2526 1278 2569 Ptolemaeensium
1309 2542 1364 2569 ex
1395 2526 1637 2583 Cyrenaica
1666 2524 1793 2569 XIV
1812 2527 1926 2569 2109
1955 2525 2092 2580 (Quem

363 2595 390 2633 t.
424 2595 562 2635 tamen
591 2594 850 2649 Boryhesias
885 2596 1016 2650 refert
1053 2595 1111 2638 ad
1136 2599 1329 2650 patrem,
1371 2597 1426 2650 ef.
1466 2594 1628 2650 snpra).
1693 2594 1804 2638 Cum
1842 2593 1902 2638 M.
1942 2593 2090 2636 Primo

361 2660 422 2714 (P
447 2660 543 2714 697)
575 2662 770 2716 adesset,
815 2664 1118 2721 intempestive
1159 2666 1203 2707 in
1233 2666 1482 2720 Augustum
1523 2666 1722 2707 invectus
1753 2669 1818 2705 est
1846 2661 1935 2705 Dio
1963 2664 2029 2713 54,
2059 2665 2091 2705 3
2195 2702 2231 2726 3,

362 2728 452 2782 (sub
483 2743 521 2772 a.
553 2732 646 2780 732,
687 2732 826 2773 minus
861 2735 983 2783 reete,
1016 2734 1070 2787 ef.
1101 2732 1252 2788 infra).
1314 2733 1483 2776 Passim
1521 2733 1654 2774 nimia
1690 2730 1862 2774 dicendi
1891 2729 2089 2773 libertate
2118 2731 2121 2734 '
2194 2724 2232 2746 ‘³

363 2811 464 2837 usus
494 2796 582 2839 Dio
614 2798 640 2841 l.
673 2813 705 2843 e.
766 2799 967 2843 Creditus
1009 2817 1106 2844 eum
1146 2802 1316 2845 Fannio
1360 2801 1580 2859 Caepione
1619 2801 1665 2843 in
1705 2799 1952 2854 Augustum
1989 2813 2088 2841 eon·
2211 2844 2216 2850 Κ

361 2864 592 2919 iuravisse,
634 2867 678 2908 in
709 2867 812 2923 fuga
842 2869 1180 2926 comprehensus
1212 2877 1254 2913 et
1284 2870 1429 2927 paullo
1458 2876 1556 2926 post
1587 2869 1751 2911 occisus
1782 2874 1848 2910 est
1875 2866 1964 2910 Dio
1992 2867 2019 2910 l.
2051 2880 2085 2912 c.
2156 2907 2158 2909 ,

358 2931 469 2985 (item
502 2933 577 2974 sab
610 2949 649 2976 a.
673 2935 788 2989 732),
846 2937 912 2991 [In
933 2952 1045 2993 mag.
1066 2938 1207 2994 mort.]
1239 2946 1324 2993 est3
1357 2939 1401 2980 in
1433 2939 1524 2980 eius
1555 2937 1696 2980 locum
1727 2934 1913 2990 (consul)
1944 2934 2085 2978 faetus
2204 2939 2225 2952 '

359 2998 453 3052 [Cn.
486 3000 764 3057 Calpurn]ius
796 3005 896 3046 Piso
925 3006 1034 3059 fasti
1058 3006 1163 3061 Cap.
1215 3007 1272 3049 In
1300 3007 1392 3061 ipso
1424 3005 1643 3049 consulatu
1674 3020 1714 3048 a.
1743 3007 1821 3047 731
1853 3003 2085 3046 Murenam

359 3068 647 3112 coniuratione
679 3071 839 3114 detecta
868 3086 953 3115 esse
975 3075 1155 3116 occisum
1177 3075 1356 3117 ostendit
1373 3074 1431 3125 id,
1463 3074 1574 3128 quod
1592 3074 1638 3116 in
1670 3072 1846 3127 reliquis
1873 3072 2084 3126 fastorum

359 3134 572 3178 latereulis
603 3139 845 3182 consulatus
875 3141 963 3183 eius
984 3142 1118 3196 plane
1146 3156 1396 3198 suppressus
1426 3146 1498 3193 est,
1530 3145 1570 3185 et
1597 3156 1682 3197 pro
1710 3141 1871 3196 eolleya
1898 3139 2087 3195 Auyusti

358 3204 553 3254 procedit
583 3206 726 3247 consul
753 3207 953 3258 suffectus
981 3209 1055 3253 Cn.
1078 3210 1195 3254 Piso.
1241 3211 1485 3254 Memorant
1514 3210 1854 3253 coniurationem
1873 3208 2084 3250 Murenae

359 3270 516 3312 Strabo
537 3275 590 3313 14
602 3287 649 3326 p.
670 3277 762 3324 670,
796 3274 935 3317 Vellei.
957 3280 1001 3327 2,
1022 3280 1087 3322 91.
1110 3282 1175 3329 93,
1200 3279 1362 3322 Seneca
1384 3279 1486 3321 dial.
1508 3282 1575 3329 10,
1596 3282 1636 3331 4,
1657 3280 1685 3321 5
1716 3277 1765 3320 de
1785 3277 1898 3320 elem.
1920 3279 1959 3327 1,
1979 3279 2020 3327 4,
2041 3278 2080 3326 6,

363 3337 459 3378 Tae.
482 3352 521 3379 a.
543 3343 580 3390 1,
603 3344 669 3391 10,
693 3341 808 3384 Suet.
826 3343 937 3398 Any·
960 3349 1025 3387 19.
1046 3348 1111 3388 56.
1135 3351 1199 3397 66,
1230 3348 1322 3390 Tib,
1341 3350 1380 3389 8.
1423 3346 1494 3390 Ad
1515 3346 1630 3390 hunc
1649 3346 1868 3389 Licinium
1890 3343 2082 3387 creditur

2218 2150 2242 2206 »ὲ
