2242 3672
299 264 585 301 VENVLEIVS
1156 252 1239 296 398
1303 279 1305 281 ν
1966 257 2121 298 VERA

385 397 454 440 VI
474 398 585 440 2059
615 408 650 435 v.
672 395 732 436 28
762 392 813 446 ef.
846 390 1032 433 Huelsen
1070 387 1188 430 Bull.
1231 401 1391 430 eomun.
1424 390 1533 430 1894
1560 402 1607 442 p.
1627 388 1739 441 313).
1800 388 1856 431 In
1886 387 2106 431 consulatu

385 467 435 508 L.
476 462 713 507 Venuleius
754 459 794 502 A
811 492 821 501 .
841 491 850 500 .
868 491 877 500 .
897 491 906 500 .
947 456 1074 500 XIV
1090 459 1196 511 245,
1238 456 1289 499 L.
1320 456 1450 498 Venu
1468 489 1478 498 .
1496 488 1506 500 .
1525 489 1535 499 .
1554 489 1563 498 .
1605 459 1685 499 aot.
1725 455 1829 498 Arv.
1871 455 1966 512 (VI
1991 459 2107 501 2068

384 534 445 576 ΙΙ
456 532 538 586 36),
571 563 581 573 .
601 563 609 572 .
631 526 906 585 [Ve]nuleius
928 559 937 568 .
957 558 967 568 .
987 562 995 570 .
1015 558 1023 567 .
1057 524 1126 567 VI
1137 527 1258 568 3737.
1301 524 1456 566 Frater
1477 523 1679 579 Arvalisz,
1710 525 1915 579 magister
1936 524 2106 581 collegii

386 617 423 645 a.
450 602 516 650 80,
550 598 672 641 adest
701 597 745 638 in
776 594 956 650 collegio
986 609 1025 636 a.
1056 594 1125 638 86.
1157 593 1224 636 87.
1257 593 1326 636 89.
1358 593 1427 637 90.
1458 593 1509 635 91
1545 592 1746 650 (aliisque
1779 593 1847 636 VI
1868 596 1979 637 2069
2006 607 2044 637 v.
2065 596 2105 639 6.

382 672 508 713 2070.
535 666 678 719 2071),
716 664 873 706 flamen
913 662 1053 705 faetus
1095 677 1132 706 a.
1164 663 1219 704 90
1251 665 1331 704 aet.
1362 661 1467 706 Arv.
1528 658 1777 717 (Perperam
1817 661 2106 718 Waddinyton

382 739 513 792 fastes
550 750 592 778 n.
618 737 700 777 136
740 732 962 787 distinquit
990 731 1041 776 L.
1084 730 1325 773 Venuleium
1353 730 1654 786 Apronianum
1692 731 1873 785 fratrem
1902 729 2106 773 Arvalem

382 820 420 849 a.
443 808 511 847 80.
529 806 595 847 86.
616 805 684 844 87.
707 805 773 852 90,
804 799 1011 843 consulem
1042 814 1082 842 a.
1104 802 1174 854 92,
1207 802 1245 842 et
1265 800 1317 842 L.
1349 799 1590 842 Venuleiusm
1611 799 1868 842 Montanum
1887 797 2105 854 Apronia-

381 888 480 917 num
517 873 698 926 fratrem
726 868 931 911 Arvalem
962 882 1002 911 a.
1032 871 1099 911 89.
1130 867 1216 922 91).
1274 867 1436 911 Consul
1476 868 1572 910 suff.
1613 883 1651 912 a.
1683 868 1738 910 92
1774 882 1830 909 ex
1867 867 1970 911 idib.
2011 868 2103 912 Ian.

381 943 436 984 ad
477 943 521 984 k.
562 941 663 984 Mai.
706 954 804 981 eum
845 938 899 991 Q.
937 937 1117 980 Volusio
1159 937 1393 981 Saturnino
1434 937 1542 991 fasti
1578 936 1788 980 Ostienses
1827 933 1971 989 (XIV
1989 935 2104 993 245),

384 1014 463 1054 act.
484 1009 602 1059 Arv„
635 1008 688 1062 ef.
725 1007 791 1049 VI
802 1009 925 1048 3737.
975 1005 1181 1049 Fortasse
1202 1009 1332 1060 pater
1357 1006 1408 1048 L.
1441 1005 1630 1048 Venuleii
1647 1005 1896 1060 Aproniani
1924 1003 2106 1048 consulis

383 1094 422 1122 a.
444 1081 539 1123 123.
585 1077 670 1120 Hic
691 1077 873 1130 fortasse
894 1073 1146 1129 Venuleius,
1179 1075 1249 1116 cui
1270 1073 1484 1116 Martialis
1515 1073 1682 1116 libellos
1714 1088 1814 1116 suos
1844 1088 1922 1130 per
1942 1073 2104 1116 Rufum

383 1146 597 1205 quendam
629 1143 948 1187 commendavit
979 1142 1181 1186 Martial.
1211 1146 1250 1194 4,
1282 1145 1353 1186 82.
2113 1173 2116 1176 ,

296 1218 379 1260 256
410 1214 648 1259 Venuleius
671 1213 935 1257 Saturninus
957 1212 1033 1268 (sic
1055 1211 1158 1267 Diy.
1180 1216 1218 1263 1,
1235 1215 1302 1263 16,
1320 1215 1373 1254 11
1384 1225 1397 1264 ,·
1416 1215 1487 1263 42,
1503 1214 1544 1263 8,
1561 1215 1613 1255 11
1624 1225 1637 1263 ‚·
1655 1215 1723 1262 47,
1739 1213 1805 1263 15,
1820 1213 1869 1263 5,-
1887 1213 1955 1262 48,
1972 1213 2015 1262 2,
2033 1212 2102 1254 12.

379 1289 419 1336 3,
434 1287 473 1335 5,
488 1287 525 1327 9.
553 1287 592 1334 4,
610 1286 648 1325 6.
672 1285 711 1332 8,
731 1285 768 1325 6.
795 1284 861 1331 11,
878 1285 916 1323 4.
934 1283 972 1322 6.
998 1283 1063 1331 13,
1084 1283 1121 1323 9.
1151 1283 1217 1331 19,
1239 1283 1314 1332 15,·
1334 1283 1400 1332 49,
1422 1283 1460 1323 3.
1483 1284 1525 1331 2,
1547 1279 1786 1323 Venuleius
1805 1278 2102 1335 Diffipassim,

382 1354 641 1396 Saturninus
671 1350 773 1404 Diq.
803 1354 871 1400 40,
903 1353 969 1400 14,
1001 1351 1072 1405 2),
1109 1355 1261 1392 auctor
1298 1350 1423 1404 iuris,
1466 1351 1588 1392 ouius
1627 1350 1788 1405 scripta
1824 1348 2019 1392 adhibita
2057 1348 2102 1390 in

379 1423 573 1477 Digestis
595 1420 697 1475 Diy.
719 1418 805 1462 ind.
827 1417 949 1461 Flor.
982 1421 1022 1460 et
1048 1419 1095 1461 in
1125 1421 1319 1461 contextu
1338 1419 1520 1474 passim.
1567 1417 1640 1470 (In
1667 1418 1806 1460 indice
1829 1416 2104 1473 Digestorum

379 1492 490 1533 inter
538 1489 669 1532 libros
717 1478 805 1530 eius
849 1490 1099 1529 numeratur
1139 1487 1245 1530 liber
1279 1487 1512 1542 sinyularis
1552 1487 1601 1530 de
1632 1487 1785 1541 poenis
1814 1499 2101 1542 payanorwrn,

380 1560 452 1614 qui
480 1558 582 1613 Diy.
612 1560 679 1608 48,
711 1559 774 1607 19,
808 1559 862 1597 16
902 1556 1107 1598 tribuitur
1143 1555 1326 1599 Claudio
1357 1554 1624 1610 Saturnino).
1685 1555 1900 1598 Ineertwm
1939 1568 1997 1598 an
2034 1554 2104 1597 hic

381 1628 568 1682 Quintus
597 1626 868 1679 Saturninus,
897 1625 1019 1666 euius
1042 1623 1175 1667 libros
1195 1624 1250 1667 ad
1269 1624 1457 1667 edictum
1478 1624 1579 1680 (non
1599 1624 1811 1667 adhibitos
1830 1623 1877 1666 in
1896 1622 2103 1681 Diyestis)

381 1698 484 1739 citat
512 1695 725 1752 Ulpianus
756 1693 857 1748 Dry.
879 1696 943 1743 34,
975 1697 1018 1744 2,
1048 1696 1114 1744 19,
1150 1697 1187 1744 7,
1222 1707 1437 1750 quemque
1467 1693 1582 1735 idem
1611 1699 1836 1750 praeterea
1865 1692 1971 1735 citat
1997 1691 2101 1747 Diy.

379 1769 448 1816 12,
474 1767 517 1815 2,
540 1767 608 1814 13,
629 1766 668 1813 5,
702 1762 962 1805 Saturninus
983 1760 1085 1816 Diy.
1108 1765 1147 1813 1,
1167 1764 1205 1812 9,
1227 1765 1266 1812 1,
1289 1766 1314 1804 1
1345 1761 1636 1816 (Saturninus,
1669 1775 1798 1818 quem
1823 1761 1959 1803 citant
1987 1759 2101 1803 idem

381 1833 482 1888 Diy.
514 1836 579 1883 47,
613 1835 679 1882 14,
711 1835 749 1882 1,
779 1835 815 1873 4.
845 1833 910 1881 47,
933 1832 999 1881 18,
1028 1834 1052 1873 1
1073 1844 1160 1884 pr„
1193 1836 1236 1872 et
1262 1829 1532 1872 Modestinus
1563 1829 1666 1885 Diq.
1696 1832 1764 1880 48,
1794 1832 1832 1880 3,
1865 1832 1931 1880 14,
1964 1831 2002 1880 7,
2031 1829 2104 1872 vix

379 1902 563 1944 diversus
593 1904 653 1943 est
682 1914 710 1941 a
740 1898 969 1952 Venuleio).
1037 1898 1173 1942 Unum
1202 1898 1453 1953 eundemque
1493 1912 1578 1941 esse
1614 1899 1660 1952 Q.
1697 1897 1931 1941 Claudium
1970 1896 2102 1940 Venu-

379 1971 504 2013 leium
535 1969 816 2013 Saturninum
846 1971 978 2022 putat
1015 1967 1164 2019 Lenel,
1207 1969 1281 2022 qui
1316 1968 1521 2022 reliquias
1556 1968 1786 2023 composuit
1815 1966 1986 2022 Paliny.
2018 1967 2100 2009 iur.

381 2040 455 2081 civ.
487 2038 547 2081 II
569 2040 685 2080 1207
700 2049 782 2090 seq.

297 2108 378 2150 257
410 2103 708 2162 VENV[LEIA]
827 2138 858 2159 .,
899 2103 989 2146 filia
1028 2110 1077 2147 ut
1112 2104 1287 2147 videtur
1316 2105 1368 2148 L.
1399 2103 1599 2147 Venuleii
1630 2104 1873 2161 Aproniani
1913 2102 2103 2147 consulis

380 2176 536 2217 iterum
574 2190 609 2216 a.
645 2174 726 2216 168
768 2174 844 2228 (sie
873 2172 1098 2215 Bormann
1135 2173 1365 2228 supplevit;
1401 2173 1475 2216 sed
1499 2176 1642 2227 potest
1678 2173 1725 2215 in
1755 2176 1782 2215 t.
1814 2173 1946 2227 fuisse
1975 2173 2104 2216 etiam

381 2259 478 2286 eum
509 2240 791 2298 Venu[leiis],
835 2241 981 2285 deinde
1018 2245 1161 2284 secuta
1203 2255 1288 2284 esse
1317 2242 1505 2297 filiorum
1532 2241 1809 2296 complurium
1839 2240 2104 2297 coynomina)

381 2316 408 2356 t.
439 2313 626 2355 Pisanus
654 2311 735 2354 XI
754 2313 872 2353 1433.

309 2406 364 2411 -
407 2388 595 2423 FLAVIA
624 2386 871 2422 VENVSTA.

293 2451 375 2492 258
408 2483 417 2492 .
436 2483 445 2492 .
467 2482 477 2492 .
495 2456 581 2492 ‚VS
612 2454 870 2491 VENVSTVS
908 2447 1076 2504 legatus
1117 2447 1230 2503 Aug.
1262 2463 1340 2505 pro
1372 2463 1436 2504 pr.
1469 2448 1687 2490 exercitus
1718 2447 1915 2491 Africani
1946 2463 1984 2494 a.
2017 2449 2101 2493 166

380 2518 501 2560 VIII
512 2520 632 2560 4195.
675 2516 840 2560 'Consul
871 2517 1119 2572 designatus
1141 2517 1197 2560 ib.
1258 2516 1433 2559 Videtur
1461 2516 1594 2571 iyitur
1624 2515 1768 2558 consul
1798 2516 1930 2570 fuisse
1960 2531 1999 2560 a.
2021 2519 2103 2560 166

378 2586 440 2628 vel
467 2589 557 2630 167.
618 2585 782 2641 (Possis
821 2586 1028 2636 eonieere,
1071 2599 1163 2628 eum
1194 2599 1276 2640 per
1306 2588 1477 2640 partem
1508 2587 1616 2627 certe
1652 2585 1757 2627 anni
1787 2587 1867 2627 166
1897 2585 2102 2628 exercitus

380 2654 617 2709 Africanus
646 2654 777 2708 fuerit
804 2655 880 2696 sub
908 2653 959 2696 P.
988 2653 1134 2696 Caelio
1163 2653 1331 2709 Optato,
1364 2632 1590 2764 Ἢοη
1618 2652 1942 2712 nonseliversum
1970 2652 2101 2708 fuisse

380 2723 432 2765 ab
463 2722 629 2777 Optato,
658 2722 818 2765 scilieet
847 2722 1002 2765 dietum
1033 2722 1083 2767 P.
1115 2721 1305 2765 Caelium
1335 2721 1448 2776 Opta
1567 2712 1820 2776 Ver‘tustum).

295 2792 378 2834 259
408 2797 665 2833 VENVSTVS
698 2791 846 2833 consul
877 2791 968 2834 ord.
1001 2807 1039 2837 a.
1071 2791 1155 2834 240
1185 2805 1284 2833 cum
1315 2789 1477 2834 Sabino
1508 2790 1553 2832 II
1582 2790 1701 2844 fasti.

296 2861 379 2902 260
410 2860 640 2913 Venustus,
674 2858 729 2900 ad
760 2873 888 2915 quem
921 2860 1094 2916 scripsit
1124 2858 1352 2903 Gallienus
1383 2857 1622 2915 epistulam,
1655 2865 1703 2901 ut
1724 2858 1930 2902 Claudius
1960 2857 2101 2917 placa·

378 2935 498 2970 retur
526 2928 597 2969 vit.
627 2926 811 2970 Gallien.
833 2931 888 2970 17
915 2927 1087 2984 (fictio).

296 2998 375 3040 261
408 2997 640 3049 Venustus,
665 2995 962 3050 Augustorum
983 2995 1074 3051 lib.,
1095 3002 1350 3053 procurator
1371 2996 1600 3052 (aquarum
1623 3002 1671 3038 ut
1689 2995 1881 3049 videtur)
1901 2994 2100 3052 tempori·
2146 2986 2148 2989 ’

380 3065 459 3107 bus
490 3064 686 3120 Septimii
719 3064 870 3106 Severi
897 3064 1043 3119 fistula
1074 3065 1258 3119 aquaria
1287 3064 1493 3108 Ostiensis
1521 3063 1648 3106 XIV
1674 3066 1789 3108 1981.

308 3157 366 3162 -
409 3132 609 3175 Valerius
640 3133 872 3175 Venustus.

296 3201 378 3242 262
408 3200 622 3242 Venutius
653 3199 729 3251 (sie
765 3201 862 3244 Tae.
896 3215 1017 3251 ann.,
1048 3202 1269 3244 Venusius
1304 3201 1492 3244 traditur
1526 3200 1624 3244 Tae.
1655 3200 1734 3257 la),
1778 3215 1801 3242 e
1840 3200 2100 3256 Brigantum

382 3268 566 3322 civitate,
602 3274 716 3323 ‘post
754 3275 929 3324 captum
970 3268 1229 3312 Caratacum
1268 3271 1527 3326 praecipuus
1568 3269 1748 3311 scientia
1786 3269 1850 3310 rei
1882 3267 2095 3311 militaris'

379 3337 491 3378 inter
511 3336 755 3391 Britannos,
774 3337 955 3379 maritus
972 3336 1306 3381 Cartimanduae
1326 3339 1513 3395 reginae,
1535 3338 1721 3395 primum
1740 3336 1855 3380 fidus
1877 3335 2098 3390 Romanis,
2182 3339 2221 3380 ;ῑ,’
