2242 3672
354 272 587 309 SEMPRON
590 272 668 307 IVS
1211 264 1292 306 196
1837 270 2154 309 SEMPRONIVS

350 403 434 447 266
465 402 513 447 C.
546 401 823 458 Sempronius
853 400 1093 454 Gracchus,
1137 402 1228 443 eius
1260 402 1332 457 qui
1374 400 1593 457 praecedit
1632 401 1767 456 filius,
1808 402 1950 444 infans
1989 408 2153 460 patrem

434 471 659 514 Cercinam
709 469 956 521 comitatus,
1004 468 1154 525 ibique
1203 468 1377 511 adultus
1420 470 1548 511 ‘inter
1587 476 1782 512 extorres
1832 477 1875 513 et
1912 469 2156 514 liberalium

433 540 589 582 artium
620 538 818 589 nescios',
851 537 1006 579 deinde
1036 543 1323 579 mercaturam
1354 537 1552 581 faciendo
1583 553 1662 594 per
1682 539 1874 581 Africam
1896 545 1938 582 et
1965 538 2158 583 Siciliam

433 609 569 650 vitam
600 605 889 660 sustentabat3
933 621 970 648 a.
1003 621 1043 662 p.
1075 605 1178 649 Chr.
1209 607 1263 648 23
1295 613 1540 661 accusatus,
1575 607 1689 663 quod
1721 607 2040 651 Tacfarinatem
2071 607 2158 651 fru-

433 683 573 718 mento
598 676 788 729 iuvisset,
813 674 887 717 sed
909 673 1132 716 absolutus
1155 674 1253 717 Tac.
1273 690 1312 718 a.
1328 679 1367 726 4,
1385 679 1450 718 13.
1474 702 1526 706 -
1554 675 1634 718 Vix
1652 676 1720 719 hic
1742 676 1967 720 Gracchus
1986 683 2160 734 praetor

432 760 469 788 a.
492 745 545 786 33
581 744 678 787 Tac.
712 758 750 786 a.
784 747 822 794 6,
844 747 898 786 16
928 743 1077 798 (supra
1104 742 1145 786 G
1166 746 1297 799 122);
1317 745 1466 798 potius
1495 744 1563 787 hic
1594 745 1641 788 O.
1675 744 1899 789 Gracchus
1929 747 2004 803 qui
2033 761 2072 789 a.
2102 746 2158 789 35

434 813 646 856 Granium
676 812 948 854 Marcianum
979 818 1220 854 senatorem
1250 814 1486 855 maiestatis
1518 813 1754 869 postulavit
1780 814 1877 857 Tac.
1902 828 1942 859 a.
1970 817 2008 865 6,
2033 817 2101 858 38.

346 882 428 924 267
459 887 521 923 TI.
553 886 869 923 SEMPRONIVS
902 886 1161 922 GRACCHVS
1195 881 1407 934 (Graccus
1437 882 1641 924 scribitur
1662 883 1708 924 in
1726 883 1926 938 nummis)
1957 882 2160 926 triumvir

430 949 655 993 monetalis
696 950 775 992 sub
816 948 1013 1004 Augusto
1043 949 1215 1005 (paullo
1237 953 1339 1004 post
1369 965 1408 995 a.
1441 954 1521 994 739
1549 954 1598 993 ut
1625 951 1803 1002 videtur,
1835 952 1889 1006 cf.
1923 951 2159 995 Mommsen

430 1018 526 1060 hist.
548 1019 613 1060 rei
629 1032 784 1061 numm.
797 1033 847 1073 p.
867 1021 945 1060 744
964 1021 1050 1061 not.
1066 1017 1135 1073 15)
1164 1019 1326 1061 nummi
1355 1019 1476 1062 aenei
1504 1033 1572 1074 ap.
1594 1019 1756 1062 Echhel
1781 1022 1820 1071 5,
1841 1023 1936 1071 304,
1965 1019 2161 1063 Babelon

426 1087 641 1129 monnaies
662 1086 711 1129 de
733 1086 776 1129 la
794 1088 884 1141 re'p.
906 1101 1008 1129 rom.
1026 1086 1087 1129 II
1093 1101 1140 1141 p.
1157 1089 1238 1129 436
1256 1101 1297 1129 n.
1314 1091 1385 1130 20.
1407 1090 1478 1130 21.
1522 1087 1728 1130 Fortasse
1746 1088 1855 1131 idem
1877 1088 2160 1145 Sempronius

431 1154 653 1198 Gracchus
675 1154 846 1197 adulter
867 1154 1017 1210 Iuliae,
1049 1154 1266 1210 relegatus
1296 1171 1334 1197 a.
1358 1155 1441 1198 753
1463 1156 1613 1211 (supra
1631 1170 1674 1198 n.
1695 1155 1809 1210 265).
1855 1155 2000 1199 Filius
2021 1159 2162 1210 potest

429 1225 562 1278 fuisse
593 1223 654 1267 Ti.
677 1222 921 1278 Sempronii
947 1223 1135 1266 Gracchi
1162 1224 1448 1278 quattuorviri
1475 1224 1697 1267 monetalis
1733 1224 1952 1278 eodemque
1982 1227 2163 1279 tempore

429 1292 663 1347 quaestoris
685 1291 905 1347 desiynati,
938 1292 1057 1334 cuius
1087 1295 1232 1334 extant
1260 1293 1422 1334 nummi
1451 1294 1574 1335 aurei
1592 1296 1630 1335 et
1652 1294 1842 1348 arqentei
1860 1293 1947 1348 (ap.
1967 1292 2164 1336 Babelon

431 1361 458 1403 Ζ.
490 1375 523 1403 c.
547 1375 595 1416 p.
614 1364 699 1404 432
725 1374 805 1415 seq.
836 1375 879 1403 n.
909 1359 1079 1416 10-13),
1112 1361 1203 1403 cusi
1229 1364 1277 1403 ut
1304 1361 1469 1404 videtur
1499 1363 1616 1404 circa
1646 1376 1685 1404 a.
1719 1364 1916 1404 716-718
1945 1362 2160 1415 (Momms.

429 1429 526 1472 hist.
555 1430 622 1472 rei
648 1443 803 1472 numm.
827 1444 876 1483 p.
900 1428 1013 1483 742).

343 1498 426 1541 268
455 1505 518 1540 TI.
542 1503 857 1540 SEMPRONIVS
889 1503 1148 1539 GRAooHvs
1181 1496 1393 1551 (Graecus
1415 1498 1572 1540 dicitur
1601 1499 1733 1552 fuisse
1762 1499 1809 1541 in
1835 1501 1883 1553 t.)
1915 1499 2015 1556 T[i.]
2043 1499 2162 1565 ΕΘ),

429 1565 644 1621 V[et.](‘?)⁷
676 1565 807 1608 salius
829 1565 1022 1609 Collinus
1049 1565 1147 1622 (hoc
1170 1566 1304 1608 solum
1326 1569 1495 1617 certum,
1525 1581 1780 1621 quamquam
1808 1567 1912 1610 salii
1941 1570 1981 1611 et
2006 1567 2166 1612 Gollini

427 1634 627 1677 vocabulo
657 1635 703 1677 in
733 1634 978 1690 apoyrapho
1009 1634 1301 1690 transposita),
1333 1634 1568 1690 decemvi[r
1598 1635 1786 1679 stlitibus
1818 1636 2078 1692 iudicandis]
2090 1637 2161 1692 (ΣΡ),

427 1704 678 1760 q(uaestor)‚
711 1702 924 1759 lega[tus],
957 1703 1128 1759 [comes]
1159 1702 1208 1746 L.
1232 1702 1466 1759 Caes(aris)
1487 1703 1676 1759 Augusti
1709 1703 1818 1760 [filii]
1831 1704 1890 1759 (P)
1922 1707 1951 1748 t.
1971 1705 2164 1748 urbanus

431 1771 500 1814 VI
521 1773 627 1814 1515
654 1771 791 1823 semel,
834 1775 874 1815 et
910 1771 1265 1827 neyleyentissime
1295 1772 1472 1826 quidem,
1514 1772 1782 1828 descriptus.-
1818 1773 2025 1817 Fortasse
2053 1773 2163 1816 idem

430 1841 504 1894 qui
523 1840 758 1895 praecedit.
793 1865 842 1870 -
876 1839 941 1894 Cf.
965 1843 1194 1895 praeterea
1222 1854 1357 1895 supra
1386 1841 1462 1883 sub
1491 1840 1699 1884 Gracchis
1729 1841 1794 1897 (G
1823 1844 2066 1900 122-128).

346 1908 429 1951 269
459 1908 518 1954 Μ.
551 1908 831 1965 Sempronius
860 1908 1076 1952 Liberalis
1099 1909 1399 1965 (Sempronius
1420 1909 1634 1952 Liberalis
1655 1924 1763 1965 pap.
1787 1911 1901 1962 Lat„
1932 1911 2032 1954 item
2053 1925 2160 1966 pap.

430 1977 508 2020 Gr.
538 1991 580 2020 n.
611 1981 681 2029 26,
715 1977 911 2035 [ΜαΊρκος
942 2010 1066 2020 .....
1106 1979 1171 2034 ιβ.
1190 1977 1338 2020 ,αῬλῬ
1357 2011 1368 2021 .
1388 1995 1430 2025 .ς
1461 1992 1568 2033 pap.
1604 1978 1682 2021 Gr.
1712 1993 1754 2022 n.
1781 1979 1885 2034 372)
1915 1979 2161 2037 praefectus

431 2046 622 2103 Aegypti
654 2053 769 2089 certe
795 2063 820 2089 a
841 2047 882 2090 d.
905 2047 960 2090 29
980 2046 1094 2102 Aug.
1118 2047 1199 2090 154
1222 2049 1344 2102 (pap.
1369 2047 1447 2090 Gr.
1468 2062 1511 2090 n.
1531 2050 1633 2104 372)
1665 2047 1720 2091 ad
1742 2063 1903 2091 annum
1923 2049 2006 2092 156
2037 2049 2159 2104 (pap.

430 2114 546 2169 Lat)
566 2129 763 2170 papyrus
792 2115 1058 2171 Aeqyptiaca
1078 2116 1234 2158 Latine
1263 2117 1438 2170 scripta,
1471 2116 1561 2171 eph.
1592 2130 1654 2171 ep.
1680 2120 1705 2159 7
1724 2131 1771 2171 p.
1793 2119 1875 2160 458
1904 2117 1959 2172 cf.
1979 2131 2030 2172 p.
2060 2120 2162 2169 461;

425 2184 590 2238 papyri
619 2182 780 2226 Graece
814 2184 1010 2239 scriptae,
1050 2183 1148 2227 Urh.
1183 2197 1261 2226 aus
1298 2183 1377 2227 den
1411 2185 1449 2229 h.
1483 2184 1662 2228 Museen
1694 2198 1747 2228 eu
1776 2185 1932 2228 Berlin
1961 2185 1996 2228 I
2016 2200 2057 2229 n.
2089 2189 2159 2231 26,

431 2252 493 2294 ΙΙ
520 2266 562 2294 n.
587 2255 686 2296 372.

358 2345 415 2350 —-
457 2327 498 2365 P.
529 2321 749 2376 AEL(IVS)
783 2326 1099 2363 SEMPRONIVS
1130 2327 1518 2366 METROPHANES.

348 2389 432 2432 270
463 2389 693 2431 Postumus
733 2389 1012 2445 Sempronius
1053 2391 1088 2432 P
1108 2423 1229 2433 .....
1244 2423 1254 2445 ,
1297 2405 1383 2432 una
1424 2404 1519 2432 cum
1562 2389 1729 2433 Metilia
1765 2390 1924 2434 Rufina
1965 2391 2043 2447 (M
2063 2391 2161 2446 396)

431 2464 692 2500 memoratus
724 2457 792 2500 VI
817 2460 955 2501 26151
994 2459 1294 2514 (fraymentum
1335 2458 1549 2514 epistylii).
1609 2458 1814 2501 Fortasse
1843 2458 1964 2502 homo
1992 2458 2161 2502 nobilis.

347 2525 426 2568 271
458 2533 501 2567 L.
534 2532 848 2568 SEMPRONIVS
880 2532 1134 2569 PROCVLVS
1168 2526 1431 2570 clarissimus
1461 2527 1530 2568 vir
1549 2527 1768 2569 Lanciani
1794 2527 1887 2582 syn.
1919 2542 1986 2582 aq.
2005 2541 2048 2571 n.
2067 2530 2161 2570 334.

433 2593 681 2647 (Proculum
711 2595 820 2637 iuris
851 2598 1062 2638 auctorem
1092 2595 1388 2650 Sempronium
1422 2596 1554 2650 fuisse
1586 2595 1685 2638 olim
1716 2595 1964 2639 credebatur
1987 2598 2164 2651 propter

432 2663 688 2717 scripturam
715 2663 922 2706 traditam
941 2663 1043 2718 Diy.
1064 2667 1130 2715 31,
1152 2668 1219 2715 47,
1252 2664 1326 2707 sed
1345 2667 1600 2719 corruptam,
1633 2667 1671 2706 et
1696 2664 1761 2706 ita
1781 2665 1909 2707 etiam
1927 2664 2162 2720 suppletum
2228 2705 2229 2708 ,

434 2734 492 2773 est
523 2745 550 2772 a
579 2731 808 2786 Rudorffto
839 2732 885 2774 in
915 2735 1159 2775 testamento
1183 2732 1387 2775 Dasumii
1417 2732 1485 2775 VI
1497 2735 1638 2776 10229
1667 2746 1702 2774 v.
1734 2735 1805 2783 29,
1835 2732 1910 2776 sed
1935 2733 2008 2776 via:
2035 2735 2157 2787 recte,

433 2799 487 2852 cf.
516 2812 649 2853 supra
677 2800 753 2842 sub
785 2800 992 2853 Proculis,
1025 2800 1069 2842 P
1095 2804 1186 2843 741.
1219 2800 1329 2848 750).

348 2867 431 2909 272
460 2873 513 2909 M.
547 2873 859 2910 SEMPRONIVS
891 2875 1146 2912 PROCVLVS
1177 2875 1546 2912 FAVSTINIANVS
1577 2869 1646 2911 vir
1675 2868 1950 2925 clarissimus,
1981 2869 2162 2912 maritus

434 2934 670 2977 Praeciliae
692 2935 951 2978 Severianae
980 2936 1241 2981 clarissimae
1272 2938 1469 2992 feminae,
1502 2944 1625 2993 pater
1652 2937 1877 2980 Maeoniae
1899 2936 2163 2981 Severianae

439 3002 507 3045 VI
523 3005 633 3045 3834
664 3001 845 3055 (saeculo
865 3019 911 3059 p.
941 3004 1043 3048 Chr.
1075 3009 1227 3060 quarto
1259 3005 1426 3048 titulum
1452 3005 1672 3048 adiudicat
1690 3006 1907 3048 Lanciani
1936 3005 2036 3048 bun.
2059 3019 2160 3050 com.

435 3072 543 3112 1883
564 3085 612 3125 p.
635 3071 755 3126 229).

350 3138 433 3182 273
465 3138 744 3195 Sempronius
775 3140 914 3182 Rufus
957 3140 1230 3195 (yentilicium
1257 3142 1416 3197 sinyuli
1446 3145 1609 3184 tantum
1643 3141 1805 3184 codices
1834 3156 1897 3196 ep.
1917 3145 1957 3193 4,
1978 3144 2053 3186 22.
2073 3144 2113 3193 5,
2135 3145 2161 3185 9
2226 3155 2232 3157 *

435 3207 733 3258 servaverunt),
765 3209 927 3250 amicus
958 3209 1100 3264 Plinii,
1134 3210 1188 3252 ad
1220 3225 1346 3266 quem
1378 3211 1413 3252 is
1445 3209 1564 3252 dedit
1594 3224 1655 3265 ep.
1682 3214 1721 3261 4,
1744 3212 1819 3253 22.
1849 3213 1887 3261 5,
1909 3213 1948 3264 9,
1980 3209 2163 3252 fortasse
2241 3249 2242 3252 ,

436 3275 564 3317 etiam
595 3290 656 3330 ep.
680 3279 716 3326 7,
738 3278 795 3319 25
820 3274 911 3328 (ubi
940 3290 1162 3331 coynomen
1193 3281 1356 3320 tantum
1386 3278 1602 3335 traditur).
1649 3278 1853 3321 Fortasse
1879 3277 1989 3320 idem
2009 3277 2159 3332 Rufus,
2240 3277 2242 3289 ³

437 3344 599 3386 amicus
630 3343 772 3399 Plinii,
807 3345 928 3387 cuius
958 3344 1114 3387 librum
1143 3345 1293 3388 laudat
1322 3346 1393 3388 ille
1423 3361 1484 3401 ep.
1507 3349 1546 3397 9,
1567 3349 1634 3390 39.
