2242 3672
307 271 506 307 SESTIVS
1165 261 1248 302 230
1908 268 2107 305 SEVERA

304 402 388 444 436
417 408 460 445 L.
479 406 678 443 SESTIVS
702 404 934 450 QVIRINVS
958 397 1038 451 (vel
1060 395 1380 450 QVIRINALIS).
1404 396 1453 438 L.
1473 396 1640 439 Sestius
1655 398 1828 448 nummi,
1849 397 1938 441 Dio
1951 401 2017 450 53,
2034 401 2105 450 32,

387 471 485 512 item
514 469 678 514 Λούκιος
707 469 873 522 Σήστιος
907 469 933 508 t.
967 465 1253 520 Perqamenus
1283 479 1351 519 ap.
1383 464 1576 508 Frankel
1604 479 1645 508 n.
1667 469 1750 508 406
1779 467 1834 522 (si
1860 466 1987 510 huius
2015 469 2104 523 est),

387 538 486 579 item
515 538 559 578 in
590 535 809 578 consulatu
837 534 944 588 fasti
970 533 1186 576 Colotiani
1212 532 1326 575 CIL.
1347 533 1382 575 I
1389 533 1405 557 2
1427 547 1475 588 p.
1500 537 1552 576 64
1580 533 1649 588 (L.
1675 534 1872 589 Se[s]tius
1892 535 2107 590 fraqmen-

388 609 474 647 tum
494 608 663 647 senatus
682 603 863 645 consulti
880 603 936 646 ib.
956 616 1005 656 p.
1023 604 1086 652 75,
1109 602 1159 645 L.
1183 601 1212 644 S
1231 634 1240 643 .
1260 634 1270 643 .
1289 634 1299 643 .
1318 634 1328 643 .
1349 602 1634 656 fraqmentum
1653 603 1863 656 fastorum
1883 604 1941 647 ib.
1955 618 2004 658 p.
2020 603 2105 658 68),

385 672 566 716 Publius
598 672 761 715 Sestius
792 670 1031 726 Porphyrio
1060 670 1119 712 acl
1144 670 1252 712 Hor.
1283 683 1412 714 carm.
1439 673 1477 725 1,
1500 674 1527 713 4
1557 670 1749 725 (Πόπλιος
1777 671 1968 727 Appian.
2002 672 2042 715 b.
2070 685 2104 715 c.
2128 682 2134 687 ’

384 745 422 791 4,
452 743 517 791 51,
550 740 623 783 secl
650 741 855 782 incertum
886 754 943 782 an
971 739 1051 790 hic,
1084 739 1138 792 cf.
1170 739 1323 793 infra),
1357 739 1708 782 SestiusHorat.
1740 754 1869 785 carm.
1899 744 1939 792 1,
1969 744 2008 792 4,
2039 745 2105 793 14,

384 809 547 852 Sestius
579 809 790 862 Quirinus
832 808 992 851 codices
1031 807 1203 862 quidam
1223 803 1482 850 'Horatiana‘
1517 808 1564 850 in
1602 809 1877 864 inscriptione
1905 810 2107 853 carminis

382 880 419 928 1,
446 881 473 920 4
504 879 614 934 (‘qui
636 884 678 919 et
697 878 853 919 Festus
885 876 1026 918 dictus
1058 883 1136 919 est’
1163 876 1325 918 addunt
1353 876 1587 931 nonnulli);
1619 878 1665 919 in
1693 878 1822 931 fastis
1850 877 2107 934 Capitolinis

381 947 456 988 sub
490 961 529 989 a.
553 949 631 988 731
661 960 711 988 ex
738 947 905 988 nomine
935 946 1024 988 eius
1054 948 1242 1000 superest
1274 978 1396 988 .....
1418 945 1578 998 Quirin
1596 979 1605 988 .
1624 978 1632 988 .
1651 979 1689 988 ..
1723 945 1859 1002 (CIL.
1879 947 1914 990 I
1917 947 1934 972 2
1953 962 2003 1003 p.
2023 949 2106 999 28,-

380 1017 507 1056 antea
537 1014 725 1069 leqerant
752 1014 853 1056 Vibi
886 1013 972 1069 [n.]‚
1005 1013 1117 1067 quod
1134 1014 1320 1056 monitus
1340 1028 1368 1056 a
1390 1013 1654 1068 Kiesslinqio
1688 1015 1872 1061 correxit
1890 1015 2106 1071 Henzen);

380 1083 430 1126 L.
455 1083 619 1126 Sestius
652 1081 890 1135 Quirinalis
923 1081 1084 1136 tequlae
1113 1081 1340 1124 nonnullae
1369 1082 1563 1124 urbanae
1591 1082 1655 1125 vel
1683 1083 1966 1135 suburbanae,
1992 1083 2104 1127 CIL.

376 1151 425 1193 X
434 1151 476 1193 V
490 1153 609 1202 1445,
643 1151 812 1193 Notieie
841 1153 950 1193 1891
979 1165 1028 1204 p.
1058 1153 1111 1192 31
1152 1151 1216 1204 (in
1244 1164 1334 1193 una
1361 1165 1446 1205 pro
1478 1150 1589 1194 Sesti
1622 1154 1683 1193 est
1713 1150 1867 1204 Sexti),
1903 1165 2010 1206 quas
2049 1151 2107 1195 ad

380 1219 552 1261 eundem
588 1222 777 1274 spectare
805 1219 981 1261 coniecit
1012 1218 1250 1261 Mommsen
1280 1219 1347 1274 (eze
1377 1218 1464 1261 alio
1493 1219 1626 1262 Sestii
1654 1220 1895 1274 coqnomine
1924 1221 2106 1275 fortasse

377 1291 612 1343 supersunt,
653 1291 701 1330 ut
725 1287 890 1329 iudicat
915 1287 1102 1338 Dressel,
1137 1287 1303 1329 litterae
1332 1286 1432 1330 Alb.
1460 1287 1524 1330 vel
1547 1286 1615 1332 Al.
1645 1288 1693 1330 in
1721 1287 1788 1331 his
1817 1287 1967 1343 tequlis
1994 1289 2106 1332 inter

378 1356 509 1399 Sestii
547 1360 586 1399 et
624 1356 862 1410 Quirinalis
899 1356 1075 1399 nomina
1113 1356 1389 1410 interposita;
1424 1359 1562 1398 mater
1603 1355 1736 1399 Sestii
1772 1357 1859 1411 fuit
1895 1357 2102 1408 Albania,

381 1425 434 1479 cf.
466 1426 616 1479 infra).

461 1495 511 1538 P.
541 1494 570 1536 f.
608 1495 716 1548 fasti
742 1493 969 1538 Colotiani.
1037 1493 1211 1536 Videtur
1253 1493 1386 1548 fuisse
1425 1493 1542 1548 filius
1578 1493 1628 1536 P.
1671 1493 1803 1537 Sestii
1841 1508 1869 1537 a
1908 1492 2105 1539 Cicerone

377 1562 557 1616 defensi,
598 1564 671 1616 qui
714 1566 909 1617 quaestor
951 1562 1036 1616 fuit
1082 1577 1122 1604 a.
1153 1565 1255 1613 691,
1297 1562 1492 1605 tribunus
1522 1562 1588 1617 pl.
1620 1577 1660 1605 a.
1692 1565 1787 1606 697.
1845 1562 1934 1606 Hic
1971 1563 2105 1619 iyitwr

378 1631 429 1673 L.
453 1631 630 1685 Sestius,
653 1632 701 1673 P.
726 1631 853 1675 Sestii
884 1631 999 1673 filius
1029 1629 1116 1675 Cic.
1142 1630 1200 1672 acl
1218 1631 1322 1685 fam.
1344 1634 1409 1682 13,
1430 1633 1470 1682 8,
1504 1630 1690 1673 Albania
1717 1638 1844 1674 natus
1870 1631 1928 1675 ib.
1950 1632 2005 1686 cf.
2018 1645 2103 1687 pro

377 1699 514 1742 Sestio
533 1703 573 1750 3,
594 1703 621 1742 6
651 1701 745 1754 (ubi
762 1714 911 1742 nomen
928 1700 1066 1742 soceri
1084 1699 1210 1742 semel
1235 1700 1438 1742 scribitur
1459 1699 1696 1754 Albin(us),
1728 1699 1854 1742 semel
1871 1699 2101 1757 Albanus),

374 1783 485 1810 anno
509 1769 590 1811 698
612 1769 753 1811 adhue
773 1775 1071 1825 praetextatus
1092 1782 1180 1823 pro
1202 1768 1340 1811 Sestio
1362 1768 1388 1811 l.
1411 1782 1445 1810 c.
1468 1772 1508 1811 et
1530 1772 1569 1819 4,
1591 1772 1658 1812 10.
1684 1772 1750 1820 69,
1773 1772 1863 1819 144,
1898 1770 2103 1826 ‘optimus

370 1836 637 1879 adulescens’
670 1837 757 1880 Cic.
785 1838 832 1880 in
863 1837 1045 1892 epistula
1069 1837 1231 1891 scripta
1252 1851 1291 1879 a.
1311 1839 1404 1887 709,
1435 1837 1493 1879 ad
1511 1837 1615 1891 fam.
1636 1840 1703 1888 13,
1724 1840 1764 1879 8.
1810 1837 1936 1880 Bruti
1957 1843 2103 1895 partes

379 1912 568 1960 secutus,
612 1907 802 1948 omnium
842 1905 1055 1948 bellorum
1098 1907 1188 1947 eius
1230 1906 1447 1961 particeps
1489 1905 1573 1948 fuit
1610 1905 1699 1948 Dio
1738 1908 1804 1957 53,
1834 1908 1894 1949 32
1923 1905 2105 1962 (Sestius

375 1977 628 2016 memoratus
647 1989 675 2016 a
695 1974 891 2017 Cicerone
919 1974 978 2016 ad
997 1973 1089 2016 Att.
1111 1976 1176 2022 15,
1199 1977 1265 2024 17,
1286 1976 1329 2017 2.
1356 1976 1421 2024 15,
1442 1977 1513 2024 27,
1535 1977 1574 2016 1.
1605 1977 1670 2025 16,
1691 1977 1731 2024 4,
1756 1977 1784 2016 4
1804 1975 1952 2028 potius
1971 1977 2103 2029 pater

380 2042 497 2098 eius).
560 2044 646 2085 Pro
682 2048 908 2099 quaestore
950 2043 1075 2084 Bruti
1115 2042 1277 2084 nummi
1316 2056 1384 2097 ap.
1423 2041 1564 2084 Cohen
1590 2041 1644 2084 12
1675 2041 1841 2085 Brutus
1871 2057 1914 2085 n.
1944 2045 2102 2085 10-13.

379 2111 504 2153 Bruti
526 2113 773 2153 memoriam
794 2112 922 2153 etiam
943 2111 1024 2153 sub
1046 2110 1245 2166 Augusto
1268 2110 1412 2165 coluit,
1444 2111 1653 2165 imagines
1684 2111 1777 2152 eius
1807 2110 1923 2153 domi
1952 2109 2105 2153 habuit

376 2179 464 2223 Dio
495 2180 522 2222 l.
553 2194 586 2222 c.
638 2180 860 2235 (Fortasse
889 2180 957 2222 hic
987 2180 1038 2222 L.
1067 2179 1234 2222 Sestius
1265 2185 1479 2236 quaestor,
1513 2186 1655 2221 statua
1682 2178 1917 2221 honoratus
1945 2194 1973 2222 a
2001 2178 2102 2222 Per·

378 2250 572 2304 gamenis
604 2252 631 2291 t.
655 2249 941 2303 Perqamenus
969 2263 1037 2303 ap.
1061 2248 1254 2291 Frankel
1273 2248 1438 2291 Inschr.
1459 2262 1496 2292 v.
1518 2247 1643 2302 Perq.
1673 2261 1716 2291 n.
1737 2250 1821 2291 406
1850 2248 1905 2302 cf.
1934 2261 1977 2292 n.
1997 2249 2104 2299 407,-

377 2318 476 2360 item
505 2318 572 2359 liic
596 2321 792 2371 quaestor
816 2317 960 2368 Bruti,
992 2318 1065 2371 qui
1094 2331 1134 2359 a.
1158 2320 1238 2359 711
1268 2331 1361 2359 eum
1389 2316 1624 2371 relinquere
1651 2316 1789 2359 noluit
1817 2319 1858 2359 et
1884 2316 1977 2359 ideo
1999 2329 2104 2372 pro-

379 2387 560 2440 scriptus
580 2389 651 2436 est,
666 2389 819 2440 postea
836 2386 1055 2428 restitutus
1077 2386 1121 2427 in
1143 2386 1377 2428 amicitiam
1399 2384 1600 2428 Caesaris
1610 2385 1816 2440 pervenit,
1840 2385 1956 2439 eique
1975 2397 2104 2439 quon-

381 2454 479 2495 dam
498 2454 631 2496 Bruti
649 2455 855 2508 imaqines
872 2454 1072 2504 exhibuit,
1094 2453 1209 2508 App.
1233 2454 1270 2496 b.
1294 2468 1327 2496 c.
1353 2457 1392 2505 4,
1414 2456 1480 2505 51,
1501 2467 1756 2508 quamquam
1777 2453 1949 2501 Πόπλιος
1969 2452 2106 2496 dictus

381 2523 434 2564 ab
456 2522 690 2577 Appiano).
739 2523 964 2577 Augustus
986 2537 1084 2564 cum
1105 2538 1143 2565 a.
1168 2523 1243 2564 731
1271 2522 1499 2565 consulatu
1520 2537 1565 2564 se
1586 2522 1819 2576 abdicaret,
1841 2522 1894 2564 L.
1917 2521 2106 2565 Sestium

381 2591 462 2632 sibi
495 2591 661 2632 suffecit
689 2590 778 2632 Dio
812 2591 837 2633 l.
870 2604 929 2642 c.;
959 2591 1067 2644 fasti
1093 2590 1330 2645 Capitolini
1359 2591 1515 2645 aliique
1546 2591 1617 2646 (cf.
1640 2590 1804 2645 supra).
1854 2588 2105 2633 Consularis

381 2658 620 2713 Porphyrio
651 2659 708 2700 acl
735 2659 843 2701 Hor.
875 2673 1004 2701 carm.
1035 2663 1073 2710 1,
1104 2663 1143 2702 4.
1204 2659 1275 2702 Ad
1315 2674 1412 2702 eum
1451 2659 1572 2702 dedit
1612 2660 1817 2702 Horatius
1848 2672 1977 2701 carm.
2008 2661 2047 2709 1,
2077 2661 2106 2700 4

382 2727 452 2781 (cf.
482 2740 516 2768 v.
547 2727 628 2781 14).

309 2818 367 2823 —
410 2800 452 2836 T.
485 2801 658 2837 CATIVS
691 2802 1000 2838 CATVLLINVS
1034 2796 1264 2852 SEST[1VS]
1299 2802 1625 2840 SECVNDINVS.

312 2888 367 2892 -—
411 2868 667 2904 LOLLIANA
694 2870 912 2906 PLAVTIA
943 2872 1116 2907 SESTIA
1147 2871 1406 2907 SERVILLA.

298 2931 379 2973 437
412 2937 594 2972 SETINA
635 2938 800 2986 IVSTA,
851 2933 1088 2976 clarissima
1136 2934 1308 2978 femina.
1381 2933 1573 2976 Petronii
1618 2933 1832 2975 Victorini
1877 2931 2102 2974 clarissimi
2166 2967 2171 2972 .
2232 2925 2235 2927 ’

382 3001 550 3041 iuvenis
577 3015 688 3042 uxor
716 3001 796 3042 XI
817 3005 922 3044 6335
951 3002 1117 3056 (tabula
1138 3005 1399 3057 patronatus
1429 3001 1699 3044 Pisaurensis
1729 3001 1835 3043 anni
1860 2999 1974 3048 256).

311 3093 367 3097 --
411 3075 626 3109 AEMILIA
658 3075 868 3111 SEVERA.

312 3160 366 3167 —
410 3143 558 3177 APPIA
590 3142 799 3179 SEVERA.

311 3228 366 3234 —
410 3203 588 3246 Aurelia
619 3204 792 3248 Severa.

311 3296 368 3302 —
414 3278 697 3314 CALPVRNIA
724 3279 910 3315 RVFRIA
940 3264 1157 3317 AEMILIA
1187 3282 1403 3318 DOMITIA
1435 3282 1644 3319 SEVERA.

311 3364 368 3370 —
412 3347 629 3382 CLAVDIA
661 3340 901 3396 cAN1N[1]A
931 3349 1141 3388 SEVERA.
