2242 3672
171 257 411 314 TREBICIA
1038 253 1122 297 335
1781 259 1995 297 TREBIVS

346 391 489 433 Homo
530 406 669 434 novus
711 390 801 445 (vel
844 398 961 434 certe
991 406 1079 434 non
1119 392 1288 449 priscae
1330 392 1589 447 nobilitatis)
1624 390 1724 435 Tac.
1759 407 1799 435 a.
1829 396 1895 444 14,
1927 396 1994 435 46.

258 458 388 502 Anno
410 460 460 503 41
490 459 569 503 Gn.
593 460 742 503 Sentio
770 460 1009 504 Saturnino
1031 461 1197 504 consuli
1221 462 1266 503 in
1289 468 1441 504 senatu
1460 461 1596 504 verba
1619 461 1795 504 facienti
1817 462 1995 505 anulum

258 527 450 571 detraxit
470 529 635 584 Ioseph.
669 532 758 572 ant.
787 533 854 580 19,
876 532 919 580 2,
942 533 982 573 3.
1040 529 1202 572 Consul
1234 530 1368 585 (suff.)
1400 545 1499 573 cum
1530 531 1582 573 L.
1614 530 1796 573 Annaeo
1828 530 1996 574 Seneca

259 597 467 652 amphora
479 599 604 652 picta
622 597 900 652 Pompeiana,
923 598 973 641 cle
991 613 1077 653 qua
1103 599 1157 653 cf.
1178 613 1327 654 supra,
1357 599 1498 642 Gaius
1517 603 1560 650 2,
1576 601 1674 650 253,
1695 598 1799 654 Dz'y.
1814 603 1881 651 36,
1899 604 1938 650 1,
1955 603 1994 650 1,

258 666 414 709 Iustin.
435 667 534 712 inst.
550 670 594 718 2,
611 671 685 718 23,
702 670 742 718 4,
771 682 920 709 mense
941 667 1055 722 Aug.
1078 667 1181 722 Diy.
1204 668 1229 711 l.
1253 683 1301 719 c.‚
1326 668 1592 725 temporibus
1612 668 1871 710 Neronianis
1894 668 1994 724 Diy.

259 735 287 779 l.
318 749 366 787 c.,
408 736 516 779 Iust.
550 736 577 779 l.
612 750 646 779 c.
714 736 935 779 Consulem
974 737 1108 791 fuisse
1147 752 1187 779 a.
1217 740 1271 780 56
1308 738 1460 780 statuit
1498 737 1548 780 ele
1578 737 1711 780 Petra
1751 741 1834 781 tav.
1867 742 1994 782 cerat.

251 818 301 859 p.
331 807 411 855 21,
454 806 509 859 cf.
544 805 783 847 Mommsen
808 805 956 848 Herm.
991 805 1070 848 vol.
1105 809 1164 862 12
1183 820 1233 860 p.
1264 809 1362 857 128,
1392 810 1625 861 propterea
1654 806 1766 861 quod
1794 807 1900 849 anni
1927 810 1995 852 57.

256 875 324 916 58.
359 876 426 918 59.
463 877 518 916 60
559 874 668 916 alios
709 873 907 926 suffectos
946 874 1130 916 habuere
1154 863 1312 929 amense
1350 874 1567 930 Auyusto,
1611 889 1723 918 anno
1765 879 1904 919 autem
1945 880 1995 919 61

259 940 495 985 Trebellius
535 943 760 986 Maximus
799 944 888 985 iam
927 943 1095 985 videtur
1139 944 1271 997 fuisse
1316 944 1576 996 consularis,·
1617 946 1761 998 possis
1809 947 1997 1002 coyitare

259 1011 387 1053 etiam
427 1011 478 1054 cle
517 1026 631 1055 anno
667 1014 732 1055 55.
804 1012 894 1067 (Ab
935 1028 984 1054 eo
1025 1012 1289 1070 appellatum
1330 1020 1504 1056 senatus
1542 1013 1788 1056 consultum
1820 1014 1995 1057 Trebel-

257 1079 424 1123 lianum
452 1079 554 1135 Di9.
585 1083 651 1132 36,
683 1084 709 1123 1
740 1082 847 1135 cet).
915 1081 970 1124 A.
1002 1083 1054 1124 61
1097 1096 1274 1124 censum
1313 1096 1392 1138 per
1432 1081 1598 1125 Gallias
1640 1083 1729 1137 egit
1769 1098 1855 1124 una
1895 1098 1994 1126 cum

258 1148 313 1203 Q.
344 1149 528 1193 Volusio
568 1150 843 1205 (Saturnino)
885 1150 1069 1206 (consule
1110 1165 1150 1195 a.
1180 1153 1251 1206 56)
1292 1157 1335 1192 et
1376 1150 1526 1193 Sextio
1563 1149 1772 1193 Africano
1813 1152 1998 1207 (consule

258 1232 297 1262 a.
338 1217 409 1273 59)
458 1218 556 1261 Tac.
609 1233 649 1262 a.
689 1222 764 1269 14,
802 1209 869 1261 46.
946 1219 1139 1274 Legatus
1193 1233 1272 1275 pro
1328 1234 1394 1275 pr.
1446 1219 1721 1273 Britanniae,
1775 1235 1998 1263 successor

259 1287 348 1342 (P.)
377 1287 571 1330 Petronii
603 1287 849 1344 Turpiliani
887 1288 985 1330 Tac.
1018 1287 1126 1342 ΑΨ.
1157 1291 1210 1330 16
1241 1286 1372 1340 (anno
1402 1290 1450 1329 ut
1478 1287 1645 1330 videtur
1670 1290 1734 1338 63,
1777 1289 1832 1342 cf.
1863 1303 1998 1344 supra

255 1356 332 1399 sub
374 1356 425 1399 P.
462 1356 665 1400 Petronio
714 1356 1002 1411 Turpiliano).
1073 1356 1277 1411 Segniter
1316 1357 1585 1413 provinciam
1626 1356 1901 1399 administrat
1938 1359 1996 1401 ib.

258 1424 485 1469 Exercitui
526 1441 604 1483 per
644 1427 874 1468 avaritiam
920 1441 971 1468 ac
1018 1425 1166 1467 sordes
1205 1432 1478 1482 contemptus
1518 1426 1774 1481 invisusque
1817 1426 1916 1469 Tae.
1955 1427 1995 1471 h.

257 1498 296 1546 1,
330 1499 396 1538 60.
457 1495 691 1537 Discordia
721 1496 835 1537 inter
865 1509 965 1537 eum
996 1501 1038 1537 et
1068 1495 1274 1537 Roscium
1309 1494 1504 1537 Caelium
1542 1494 1732 1549 legatum
1764 1496 1998 1538 vicesimae

258 1563 467 1619 legionis3
500 1579 612 1606 anno
646 1565 701 1606 69
737 1579 877 1621 usque
907 1564 964 1606 ad
995 1563 1255 1606 seditionem
1276 1570 1455 1606 ventum
1481 1563 1579 1606 Tac.
1604 1563 1630 1607 l.
1655 1577 1703 1614 c.,
1727 1563 1782 1617 cf.
1804 1562 1911 1618 Ayr.
1930 1567 1996 1607 16.

259 1631 448 1675 Coactus
478 1633 750 1690 provinciam
781 1632 1040 1689 relinquere,
1072 1632 1128 1674 ad
1150 1631 1378 1675 Vitellium
1410 1647 1454 1673 se
1486 1631 1670 1673 contulit
1692 1631 1792 1676 Tac.
1817 1631 1843 1674 l.
1865 1646 1898 1676 c.
1944 1633 1995 1674 In

259 1702 351 1745 eius
381 1701 523 1744 locum
556 1717 582 1744 a
603 1701 780 1745 Vitellio
804 1702 978 1744 Vettius
999 1700 1192 1744 Bolanus
1221 1702 1379 1743 missus
1407 1701 1451 1743 in
1474 1700 1747 1743 Britanniam
1776 1701 1873 1745 Tac.
1898 1701 1924 1743 l.
1948 1715 1996 1752 c.,

257 1771 365 1827 Ayr.
388 1774 452 1815 16.
502 1771 660 1814 Frater
688 1769 886 1824 Arvalisz,
919 1786 957 1813 a.
991 1771 1045 1813 72
1075 1771 1284 1826 magister
1315 1769 1484 1825 collegii
1517 1772 1598 1812 act.
1627 1769 1734 1811 Arv.

185 1866 243 1870 —
287 1840 345 1895 Q.
373 1841 540 1883 Plotius
571 1841 793 1883 Maximus
820 1839 1067 1883 Trebellius
1099 1839 1364 1883 Pelidianus.

184 1934 242 1940 —
285 1917 337 1954 M.
370 1916 639 1952 STLACOIVS
670 1916 888 1951 ALBINVS
920 1915 1237 1951 TREBELLIVS
1271 1914 1572 1951 SALLVSTIVS
1605 1914 1778 1950 RVFVS.

185 2003 242 2010 —
285 1985 339 2023 M.
369 1985 620 2021 VALERIVS
652 1985 919 2021 TREBICIVS
950 1985 1218 2023 DEOIANVS.

172 2049 257 2091 240
286 2047 490 2091 Trebicia
530 2047 749 2092 Tertulla:
793 2049 885 2090 eius
925 2047 1104 2103 figlinae
1134 2047 1184 2090 X
1192 2047 1340 2098 ῘῙ524,
1375 2048 1430 2101 cf.
1458 2050 1545 2090 525
1576 2046 1756 2102 (teyulae
1785 2045 1992 2092 urbanae,

257 2130 364 2171 quas
403 2118 661 2172 temporibus
690 2117 917 2160 Hadriani
951 2117 1103 2159 tribuit
1131 2116 1337 2172 Dressel).
1398 2115 1605 2159 Fortasse
1634 2115 1797 2169 femina
1825 2115 1995 2158 nobilis.

172 2185 249 2228 241
287 2192 332 2229 L.
354 2192 568 2228 TREBIVS
591 2193 866 2228 GERMANVS
889 2186 967 2242 (sic
990 2185 1059 2229 VI
1070 2189 1224 2236 10241,
1242 2185 1429 2228 Trebius
1452 2186 1697 2229 Germanus
1722 2183 1996 2237 Maecianus)

257 2255 408 2297 consul
450 2256 546 2298 suff.
590 2270 688 2298 cum
731 2255 780 2299 O.
822 2255 1061 2312 Calpurnio
1102 2254 1262 2297 Flacco
1303 2255 1454 2310 (supra
1491 2253 1529 2296 Ο
1556 2253 1658 2308 214)
1700 2267 1846 2307 mense
1887 2253 1995 2295 Dec.

258 2325 315 2376 (a.
338 2323 442 2379 inc.)
469 2324 537 2366 VI
549 2327 691 2367 10241
712 2324 813 2379 (non
834 2326 932 2366 ante
953 2326 1144 2378 tempora
1164 2320 1431 2373 Flauiorum,
1453 2325 1502 2363 ut
1521 2336 1571 2364 ex
1594 2322 1761 2363 nomine
1783 2322 1827 2365 T.
1844 2321 2000 2363 Flavii

257 2391 525 2435 Artemidori
562 2393 772 2448 apparet).
846 2393 1036 2447 Legatus
1079 2391 1348 2448 (provinciae
1399 2384 1600 2444 alicuius)
1653 2390 1911 2432 Maecianus
1947 2389 1996 2432 cle

256 2462 430 2506 iudiciis
459 2463 650 2518 publicis
691 2462 814 2518 (Diq.
850 2465 922 2512 29,
957 2464 997 2512 5,
1033 2460 1117 2515 14).
1201 2460 1477 2515 Temporibus
1524 2459 1750 2502 Hadriani
1799 2459 1998 2501 attribuit

259 2531 520 2587 Boryhesius
542 2546 635 2587 opp.
658 2535 687 2574 3
708 2546 756 2586 p.
777 2533 872 2581 386,
894 2529 1198 2585 probabiliter.
1224 2553 1273 2559 -
1297 2528 1517 2579 Diversus,
1549 2543 1680 2583 neque
1700 2528 1781 2570 huc
1792 2528 1994 2582 pertinet,

258 2600 446 2643 Trebius
478 2602 724 2645 Germanus
756 2599 957 2642 tribunus
989 2600 1183 2656 equitum
1215 2597 1500 2653 singularium
1533 2613 1571 2640 a.
1606 2597 1686 2640 197
1719 2596 1788 2639 VI
1807 2599 1909 2641 224.

171 2670 256 2712 242
286 2676 501 2712 TREBIVS
546 2675 778 2711 MAXIMVS
817 2666 985 2721 (nomen
1025 2667 1186 2710 duobus
1227 2666 1330 2709 loeis
1362 2666 1491 2721 plene
1522 2666 1673 2709 lectum
1703 2668 1791 2716 est),
1829 2664 1997 2720 legatus

259 2753 338 2795 pro
359 2754 424 2796 pr.
447 2739 612 2795 Lyciae
638 2745 681 2781 et
701 2737 1000 2794 Pamphyliae,
1032 2736 1113 2779 sub
1146 2735 1371 2779 Hadriano
1404 2737 1506 2791 (non
1539 2741 1637 2792 post
1666 2749 1828 2776 annum
1853 2733 1997 2787 127s8)

258 2807 555 2862 inscriptiones
603 2806 810 2849 mausolei
854 2805 1094 2860 Opramoae
1138 2803 1500 2859 Rhodiapolitani
1541 2803 1698 2845 Reisen
1745 2803 1792 2845 in
1835 2803 1997 2857 Iststtien

253 2891 303 2931 p.
324 2878 393 2920 83.
422 2878 487 2917 84.
517 2878 583 2918 85.
621 2878 710 2918 103.
741 2878 823 2917 104
852 2874 951 2918 11⁹.
983 2873 1073 2916 III
1080 2879 1115 2917 a.
1146 2873 1235 2915 III
1240 2879 1259 2905 ⁹
1291 2873 1345 2927 cf.
1377 2873 1529 2927 Loewy
1557 2872 1614 2916 ib.
1639 2886 1687 2926 p.
1710 2875 1806 2915 126.
1837 2874 1932 2914 133.

173 2945 258 2988 243
289 2944 476 2987 Trebius
517 2944 676 2998 Niger,
723 2949 876 2985 auctor
915 2941 1058 2984 Plinio
1099 2941 1170 2985 de,
1196 2940 1456 2998 aquatilium
1481 2946 1654 2982 natura
1694 2939 1995 2995 similibusque

261 3013 380 3055 Plin.
398 3012 438 3054 h.
454 3026 497 3054 n.
516 3015 555 3062 9,
572 3014 640 3056 80.
662 3014 718 3054 89
733 3025 830 3066 seq„
852 3015 917 3062 10,
938 3014 1003 3053 40.
1034 3013 1106 3060 32,
1129 3013 1181 3053 15
1203 3011 1258 3064 cf.
1275 3013 1314 3061 1,
1339 3012 1380 3053 8.
1403 3013 1442 3052 9.
1463 3013 1536 3052 32.
1571 3008 1726 3051 Comes
1748 3008 1798 3049 L.
1822 3006 1995 3049 Luculli

259 3079 530 3138 proconsulis
561 3080 766 3122 Baeticae
795 3079 912 3122 Plin.
934 3082 973 3130 9,
995 3081 1064 3122 89.
1111 3078 1198 3121 Hic
1221 3078 1471 3133 plerumque
1499 3077 1686 3120 ereditur
1715 3077 1765 3117 L.
1798 3076 1994 3118 Licinius

258 3149 466 3193 Lucullus
489 3148 635 3192 consul
662 3163 701 3191 a.
722 3162 765 3193 u.
789 3162 821 3191 c.
845 3151 936 3203 603,
969 3148 1044 3202 qui
1070 3147 1118 3189 in
1148 3147 1240 3202 ipso
1271 3147 1494 3191 consulatu
1521 3145 1784 3200 Hispaniam
1815 3144 1996 3187 obtinuit

259 3218 370 3273 (Ia‘v.
398 3220 466 3268 48,
492 3217 607 3272 App.
635 3217 760 3272 Hisp.
782 3220 835 3260 49
863 3230 960 3270 seq„
1002 3215 1057 3270 cf.
1088 3215 1178 3258 Dio
1208 3216 1264 3270 fr.
1301 3219 1354 3259 76
1396 3214 1624 3268 Dindorf),
1666 3216 1776 3255 recte
1809 3215 1858 3255 ut
1886 3215 1997 3266 puto

260 3288 532 3344 (quamquam
560 3285 733 3329 Plinius
764 3285 969 3328 Baeticae
1003 3284 1206 3327 vocabulo
1245 3286 1311 3328 ita
1349 3285 1491 3327 minus
1531 3285 1730 3325 accurate
1758 3294 1860 3323 usus
1897 3281 1998 3335 est),·

258 3356 520 3413 Boryhesius
551 3358 691 3397 tamen
721 3354 767 3397 in
791 3353 975 3409 epistula
995 3367 1123 3408 quam
1151 3357 1358 3397 memorat
1378 3353 1550 3396 Henzen
1572 3351 1630 3394 ael
1650 3349 1763 3394 CIL.
1790 3348 1858 3392 VI
1871 3352 1993 3404 1442,
