2242 3672
141 231 404 269 SEPTIMIVS
1011 232 1095 275 209
1695 237 1961 274 SEPTIMIVS

224 379 266 410 n.
277 367 360 408 338
376 363 645 418 (Odaenathi
657 367 866 424 senioris),
889 370 1071 423 fratrem
1086 371 1291 413 maiorem
1310 369 1553 413 Odaenathi
1565 370 1717 412 mariti
1730 369 1964 421 Zenobiae;

227 437 377 477 contra
408 434 697 477 Mommsenus
726 436 876 480 Roem.
914 437 1063 482 Geseh.
1097 439 1139 482 V
1151 454 1199 494 p.
1232 441 1322 482 427
1348 442 1433 482 not.
1463 442 1492 481 3
1525 439 1678 482 statuit
1711 452 1805 481 eum
1832 438 1964 493 fuisse

222 506 396 559 patrem
425 503 669 547 Odaenathi
696 505 892 548 iunioris.

139 572 225 616 330
256 572 493 629 Septimius
537 572 810 629 Heraclitus,
854 576 1100 631 praefectus
1147 576 1339 634 Aegypti
1382 578 1421 631 (ὁ
1463 576 1739 634 λαμπρότατος
1781 575 1964 634 ἡγεμών)

223 656 336 685 anno
374 642 457 684 215
488 656 686 697 papyrus
724 642 992 699 Aeyyptiaea
1029 660 1098 700 ap.
1142 646 1334 689 Wilehen
1370 646 1517 690 Herm.
1549 649 1620 696 20,
1662 648 1773 688 1885
1803 660 1852 700 p.
1884 648 1964 688 436

225 711 281 766 ef.
313 726 362 766 p.
391 714 473 754 469
504 711 582 767 [=
613 726 703 767 aey.
744 711 844 755 Urh.
878 727 956 756 aus
986 713 1025 758 d.
1057 715 1096 758 k.
1128 713 1245 757 Mus.
1275 729 1319 758 n.
1349 717 1436 758 362
1461 730 1510 770 p.
1544 714 1640 758 VII
1629 714 1674 770 ].
1735 712 1802 769 Of.
1832 728 1966 769 supra

225 781 302 823 sub
330 779 556 824 Heraclito
587 780 660 837 (H
679 780 766 835 62).

154 874 212 879 —
256 848 475 892 Antonius
508 849 744 907 Septimius
774 849 1039 894 Heraclitus.

140 919 218 961 331
255 917 489 975 Septimius
519 919 770 962 Honoratus
803 917 970 972 (nomen
1000 921 1240 963 restitutum
1270 924 1471 975 quattuor
1498 922 1841 977 apoyraphorum
1874 922 1965 978 ope)

225 994 484 1044 procurator
500 987 798 1043 Augustorum
820 988 1004 1031 duorum
1028 996 1070 1031 et
1086 988 1286 1032 Caesaris
1309 989 1493 1045 (Severi,
1519 989 1783 1046 Caracallae,
1809 992 1965 1046 Getae)

228 1056 337 1100 XII
358 1060 471 1100 2491
503 1053 566 1110 (in
597 1057 854 1112 Sabaudia).

140 1127 225 1169 332
256 1126 307 1169 L.
330 1125 566 1183 Septimius
586 1126 853 1182 Leon[t]icus
876 1127 1083 1182 (traditur
1103 1127 1366 1182 Leoniicus),
1391 1129 1593 1183 egregius
1610 1129 1691 1184 vir,
1710 1136 1967 1185 procurator

230 1194 458 1238 Sardiniae
503 1195 585 1239 sub
627 1195 812 1239 Claudio
844 1196 1030 1240 Gothico
1067 1196 1281 1239 miliarias
1313 1197 1482 1240 Sardus
1512 1197 1604 1252 eph.
1635 1207 1698 1252 ep.
1729 1200 1770 1248 8,
1804 1200 1883 1242 745
1912 1219 1969 1234 =

228 1263 400 1307 Notizie
430 1263 542 1319 deyli
570 1265 689 1307 soavi
715 1267 825 1308 1891
846 1280 894 1320 p.
915 1269 1013 1310 213.

139 1333 223 1377 333
254 1333 324 1388 (L.
357 1333 609 1390 Septimius)
640 1333 789 1376 Macer
819 1334 1100 1390 (praenomen
1128 1349 1178 1377 ex
1209 1337 1236 1377 t.
1261 1333 1446 1377 Cirtensi
1474 1334 1560 1390 filii
1591 1334 1717 1378 VIII
1731 1335 1778 1378 S.
1800 1336 1967 1389 19493),

224 1403 275 1446 L.
314 1402 513 1459 Septimii
549 1402 703 1446 Severi
734 1404 1007 1460 imperatoris
1038 1419 1146 1446 avus
1175 1409 1396 1445 maternus
1429 1402 1572 1455 (immo
1600 1407 1838 1458 paternus,·
1867 1419 1968 1447 nam

226 1471 407 1514 alterum
439 1485 563 1514 avum
593 1471 794 1527 Septimii
823 1472 990 1523 Severi,
1023 1472 1226 1514 Fulvium
1258 1472 1398 1522 Pium,
1430 1487 1551 1526 quem
1573 1475 1806 1527 paternum
1835 1473 1968 1527 fuisse

226 1540 426 1595 traditur,
446 1555 495 1583 ea
511 1542 679 1584 nomine
694 1542 829 1596 ipsius
846 1545 1028 1596 apparet
1043 1542 1175 1595 fuisse
1189 1545 1440 1591 maternum,
1454 1544 1629 1595 patrem
1644 1541 1827 1584 Fuluiae
1844 1541 1966 1593 Piae,

240 1609 393 1651 matris
415 1609 615 1664 Septimii
635 1609 782 1652 Severi
790 1623 804 1662 ;
817 1613 949 1664 pater
978 1611 1111 1665 iyitur
1132 1609 1183 1654 P.
1202 1609 1403 1663 Septimii
1420 1609 1569 1666 Getae)
1600 1610 1671 1652 vit.
1695 1610 1843 1653 Severi
1861 1614 1899 1661 1,
1922 1614 1965 1655 2.

139 1679 225 1722 334
255 1678 492 1735 Septimius
521 1678 694 1732 Macro,
727 1679 1016 1735 epistrategus
1046 1677 1332 1732 (Thebaidos)
1364 1694 1401 1720 a.
1438 1679 1512 1721 151
1551 1682 1576 1721 t.
1607 1682 1756 1721 extans
1785 1680 1832 1722 in
1861 1680 1969 1724 Oasi

231 1747 473 1791 Thebarum
513 1746 635 1791 OIG.
665 1750 786 1799 4955,
829 1749 1014 1790 correxit
1054 1747 1371 1802 Schweinfurth
1415 1748 1462 1790 in
1506 1747 1784 1791 Petermanni
1823 1764 1965 1805 yeoyr.

229 1816 560 1873 Mittheilunyen
591 1820 700 1861 1875
722 1832 770 1872 p.
801 1821 902 1862 392.

141 1887 226 1930 335
253 1893 299 1929 L.
329 1893 592 1929 SEPTIMIVS
624 1892 835 1929 MANNVS
857 1886 1121 1929 clarissimus
1142 1887 1222 1941 vir,
1257 1886 1436 1940 (statua)
1463 1886 1699 1928 honoratus
1730 1903 1756 1929 a
1785 1886 1965 1930 concilio

225 1956 480 2013 provinciae
519 1956 760 2012 Hispaniae
800 1957 1012 1998 citerioris
1054 1959 1081 2000 t.
1120 1956 1453 1998 Tarraconensis
1483 1955 1545 1997 II
1566 1956 1691 1998 4127.
1760 1956 1967 1999 Fortasse

228 2024 433 2068 oriundus
463 2039 514 2067 ex
542 2026 664 2080 reyia
691 2026 823 2080 stirpe
859 2024 1182 2075 Osrhoenorum,
1216 2024 1271 2078 ef.
1303 2037 1437 2078 supra
1467 2024 1522 2066 M
1550 2026 1637 2067 128
1666 2025 1739 2079 fin.

119 2094 224 2137 ’336
256 2127 265 2136 .
285 2127 294 2136 .
329 2093 635 2150 [S]ept(imius)
661 2094 928 2150 Maria[nus],
962 2094 1013 2136 L.
1045 2094 1087 2148 f.,
1120 2099 1377 2150 procurator
1405 2099 1453 2134 ut
1482 2092 1656 2135 videtur
1679 2093 1966 2150 complurium

225 2163 549 2220 provinciarum
570 2162 754 2220 aliisque
773 2162 1029 2205 muneribus
1052 2162 1327 2219 equestribus
1349 2161 1523 2203 functus
1542 2162 1661 2216 (post
1677 2162 1769 2204 alia
1782 2163 1966 2217 fortasse

226 2232 359 2289 [proc.
399 2233 497 2274 vice
533 2231 632 2287 le]g.
668 2247 745 2288 pro
782 2247 846 2289 pr.
883 2232 1028 2286 Pont.)
1074 2232 1359 2286 fraymentum
1400 2230 1515 2273 tituli
1554 2231 1715 2273 urbani
1754 2231 1823 2274 VI
1854 2235 1963 2274 1630

219 2301 512 2356 perexiyuumi.

141 2370 225 2413 337
258 2370 493 2427 Septimius
523 2369 766 2425 Ni[g]rinus
797 2369 940 2423 (Nicr-
972 2368 1062 2423 eph.
1084 2371 1124 2419 8,
1148 2371 1241 2418 796,
1270 2368 1404 2409 Necr-
1436 2368 1491 2410 ib.
1523 2368 1634 2422 775),
1662 2369 1732 2409 vir
1761 2369 1963 2423 egregius

228 2439 306 2492 (sie
337 2441 429 2490 775,
461 2440 530 2481 vir
560 2438 898 2495 perfectissimus
931 2437 1040 2491 796),
1073 2443 1330 2493 procurator
1361 2436 1591 2479 Sardiniae
1622 2436 1702 2479 sub
1726 2435 1962 2479 Aureliano

222 2508 407 2551 miliarii
436 2507 573 2551 Sardi
601 2507 688 2561 eph.
720 2522 780 2562 ep.
803 2509 842 2560 8,
866 2509 958 2549 775.
992 2510 1084 2549 796.
1876 2554 1879 2556 ,

141 2578 225 2620 338
257 2583 519 2619 SEPTIMIVS
565 2582 903 2618 ODAENATHVS
947 2578 967 2618 ὁ
1014 2576 1289 2632 λαμπρότατος
1331 2574 1608 2632 συνκλητικός,
1655 2574 1872 2616 Haeranis
1918 2575 1961 2629 f.,

227 2645 478 2688 Vaballathi
508 2650 657 2702 nepos,
688 2645 845 2686 Nasori
878 2659 1106 2701 pronepos,
1141 2643 1386 2701 sepulcrum
1419 2643 1499 2686 sibi
1532 2643 1635 2685 fecit
1659 2643 1891 2700 Palmyrae
1922 2650 1964 2686 et

227 2714 327 2756 filiis
368 2721 411 2756 et
450 2714 679 2771 nepotibus
716 2717 743 2756 t.
776 2713 1056 2768 Palmyrenus
1087 2713 1209 2756 OIG.
1236 2717 1344 2756 4507
1375 2733 1429 2748 2
1460 2712 1747 2767 Waddinyton
1774 2727 1817 2756 n.
1846 2716 1962 2756 2621

228 2782 339 2836 (eum
367 2784 554 2826 vcrsione.
585 2783 772 2838 Syriaca
802 2798 870 2837 ap.
904 2783 953 2825 de
983 2783 1124 2837 Voyite'
1149 2796 1190 2824 n.
1213 2782 1302 2838 21).
1351 2782 1500 2825 Iudice
1532 2781 1860 2836 Waddinytonio
1889 2780 1965 2834 (ad

227 2868 267 2895 n.
299 2851 430 2906 2600)
462 2855 593 2906 pater
631 2851 873 2895 Odaenathi
910 2852 984 2904 qui
1019 2852 1209 2905 sequitur
1249 2851 1366 2906 (nam
1406 2865 1499 2892 eum
1542 2850 1679 2905 filium
1723 2850 1965 2893 Odaenathi

228 2921 359 2975 fuisse
388 2920 554 2962 videtur
584 2921 702 2962 tradi
732 2921 778 2962 in
805 2921 1011 2974 excerptis
1031 2923 1134 2974 post
1164 2919 1361 2970 Dionem,
1398 2921 1450 2973 ef.
1481 2918 1643 2974 infra),·
1670 2933 1745 2961 nee
1775 2918 1963 2961 diversus

227 2989 499 3034 Odaenathus
517 2993 648 3043 pater
669 2989 870 3044 Septimii
888 2989 1121 3040 Haeranis,
1135 2989 1352 3043 principis
1372 2989 1725 3043 Palmyrenorum
1746 3001 1857 3029 anno
1877 2990 1961 3030 251

228 3059 377 3113 (supra
400 3072 443 3100 n.
463 3060 580 3115 329).
631 3057 811 3100 Occisus
842 3073 867 3099 a
899 3057 1054 3100 Rufino
1087 3057 1274 3114 quodam
1307 3072 1393 3100 exe.
1414 3060 1515 3112 post
1543 3056 1727 3099 Dionem
1758 3055 1867 3110 (Dio
1898 3056 1958 3097 ed.

227 3126 360 3170 Dind.
391 3129 418 3169 5
448 3141 496 3181 p.
523 3126 644 3181 224).
675 3151 733 3156 -
771 3126 981 3181 Reyulum
1009 3126 1219 3180 quendam
1247 3126 1446 3168 Arabum
1486 3125 1668 3168 eiusdem
1706 3124 1770 3166 vel
1808 3124 1961 3167 similis

226 3196 431 3246 nominis,
464 3209 584 3249 quem
615 3198 807 3238 auctores
834 3196 973 3237 neseio
1005 3195 1078 3249 qui
1106 3195 1277 3238 Arabes
1311 3195 1488 3238 tradunt
1527 3195 1660 3248 fuisse
1700 3193 1881 3235 amioum
1921 3197 1961 3235 et

227 3265 385 3308 socium
414 3264 571 3319 populi
610 3264 820 3314 Romani,
871 3264 970 3305 item
1007 3264 1205 3318 partium
1242 3264 1512 3318 quarundam
1552 3262 1707 3317 Syriae
1747 3265 1785 3304 et
1810 3260 1957 3303 ,Meso-

222 3333 445 3388 potamiae
484 3332 698 3375 dominum
737 3333 807 3388 (ef.
850 3331 1033 3374 Caussin
1076 3332 1125 3374 de
1156 3331 1360 3374 Pereeval
1400 3332 1511 3374 essai
1547 3345 1622 3372 sur
1653 3330 1858 3372 l'histoire
1888 3329 1959 3372 des

209 3405 492 3441 Prosopographia
509 3405 592 3441 Imp.
611 3405 703 3434 Rom.
739 3404 802 3433 111.
1642 3399 1685 3433 14
