2242 3672
153 245 380 284 SERENVS
1026 240 1105 284 221
1760 245 1968 282 SERGIVS

162 402 221 408 —
264 384 430 420 VIBIVS
463 383 703 420 SERENVS.

162 472 221 478 —
265 446 525 490 Volumnius
558 446 759 491 Serenus,

164 542 222 548 -
267 522 309 559 C.
341 522 557 558 TREBIVS
590 521 883 559 SERGIANVS.

150 586 235 630 369
267 584 446 641 Sergius
487 583 732 640 (Sergiolus
762 599 798 628 v.
830 588 911 628 105
941 588 1264 644 ὑποκοριστικῶς)
1295 587 1530 644 gladiator,
1571 586 1626 629 ab
1656 587 1800 644 Eppia
1838 585 1973 629 nobili

238 654 400 697 femina
429 660 597 696 amatus
627 654 819 698 Iuvenal.
842 657 879 705 6,
902 658 996 698 105.
1021 659 1118 700 112.

149 724 234 768 370
267 723 444 779 Sergius
485 722 662 780 quidam
703 724 864 766 citatur
902 724 1068 768 Fronto
1108 725 1166 768 ad
1205 726 1271 768 M.
1312 725 1577 768 Antoninum
1617 726 1666 768 de
1708 725 1972 768 orationibus

229 807 278 848 p.
301 795 382 836 156
413 791 586 844 Naber,·
625 792 836 848 Apuleius
875 794 949 848 qui
987 793 1143 837 dieitur
1173 794 1223 837 de
1261 794 1394 850 doym.
1428 794 1546 837 Plat.
1566 794 1656 837 III
1668 809 1717 849 p.
1739 796 1824 838 265
1862 793 1970 837 Oud.

235 862 301 918 (p.
323 864 414 905 229
447 861 599 917 Hild).
657 860 727 916 Cf.
757 862 882 916 infra
910 863 986 905 sub
1015 863 1066 906 L.
1098 863 1248 919 Seryio
1279 863 1454 906 Plauto.

148 936 230 980 371
264 943 317 979 M.
352 942 561 979 SERGIVS
602 936 753 979 consul
797 952 892 979 cum
926 937 1074 981 Silano
1116 938 1300 995 quodam
1341 953 1489 980 mense
1519 938 1626 980 Dec.
1657 938 1759 980 anni
1801 937 1968 991 incerti,

237 1011 425 1062 exeunte
456 1011 506 1048 ut
535 1004 708 1048 videtur
738 1021 849 1051 saec,
882 1021 922 1063 p.
955 1006 1058 1050 Chr.
1091 1007 1280 1050 secundo
1313 1011 1342 1050 t.
1370 1007 1631 1061 Africanus,
1675 1006 1782 1049 Mel.
1814 1005 1974 1048 d'areh.

235 1077 275 1117 et
296 1073 432 1118 d'hist.
449 1073 622 1128 publie's
634 1088 724 1128 par
745 1074 831 1117 l'e'e.
853 1075 1073 1129 franfaise
1095 1076 1144 1118 de
1162 1077 1297 1119 Rome
1319 1076 1431 1126 XII,
1454 1079 1570 1119 1892
1580 1091 1628 1131 p.
1645 1079 1716 1119 42.
1766 1074 1973 1117 Fortasse

234 1143 342 1186 alter
373 1158 424 1186 ex
454 1143 695 1186 consulibus
726 1144 960 1187 ordinariis
992 1146 1097 1187 anni
1125 1148 1220 1196 189,
1253 1146 1326 1200 qui
1354 1145 1532 1188 Duilius
1560 1143 1764 1201 [Dulius]
1796 1144 1974 1188 Silanus

235 1212 422 1256 ereditur
451 1227 479 1255 a
507 1212 736 1255 nonnullis.
1014 1210 1017 1212 ’

149 1287 233 1331 372
264 1294 310 1330 L.
345 1294 554 1330 SERGIVS
586 1294 841 1331 ARRIANVS
874 1290 1002 1345 (inter
1022 1289 1168 1345 Seryii
1196 1293 1235 1332 et
1260 1289 1450 1332 Arriani
1477 1289 1651 1331 nomina
1680 1287 1974 1342 interpositum

236 1355 300 1400 Κλ
314 1390 325 1401 .
345 1390 355 1399 .
374 1390 383 1400 .
413 1356 478 1400 vel
499 1356 563 1400 Κα
581 1391 590 1400 .
610 1390 620 1400 .
638 1391 647 1399 .
664 1358 892 1412 ,fortasse
917 1373 968 1401 ex
989 1358 1122 1402 altero
1144 1359 1384 1414 coynomine
1406 1358 1629 1414 relietum),
1661 1363 1833 1399 senator
1863 1356 1968 1409 (συν-

236 1426 453 1482 κλητικός),
495 1426 720 1478 tribunus,
759 1427 894 1470 frater
925 1427 1105 1483 Sergiae
1134 1428 1383 1470 Demetrias
1414 1431 1441 1469 t.
1472 1426 1679 1522 Paphius,
1713 1425 1894 1480 journal
1924 1426 1976 1479 of

235 1496 331 1541 hell.
362 1497 471 1539 stud.
493 1500 532 1548 9,
565 1500 676 1540 1888
697 1513 745 1553 10-
767 1501 852 1542 241
881 1513 923 1543 n
944 1500 998 1541 56
1007 1501 1048 1554 β

162 1590 220 1596 -—
265 1565 444 1622 Sergius
474 1565 638 1608 Flavus
666 1567 841 1620 Quintil.
862 1570 904 1620 8,
923 1570 962 1619 3,
982 1570 1048 1611 33.
1110 1566 1156 1610 V.
1184 1567 1260 1609 sub
1292 1567 1342 1611 L.
1377 1566 1526 1621 Seryio
1558 1565 1732 1608 Plauto.

149 1645 234 1688 373
265 1652 476 1689 SERGIVS
498 1654 759 1690 IVLIANVS:
782 1649 821 1690 ei
842 1649 1159 1704 rescripserunt
1180 1647 1368 1691 Severus
1391 1654 1433 1689 et
1453 1645 1680 1690 Caracalla
1702 1632 1970 1688 Modestinus

237 1715 346 1759 libro
368 1717 513 1771 primo
545 1718 861 1760 excusationum
891 1717 1009 1773 (Diy.
1030 1721 1100 1768 26,
1126 1721 1163 1768 7,
1184 1716 1269 1769 31).
1325 1716 1530 1759 Fortasse
1550 1718 1732 1770 praetor
1762 1712 1968 1756 tutelares.

150 1795 234 1838 374
267 1796 694 1862 ὃθτὲἰιιειΙοιιετΥεῑὶίε,
728 1799 841 1841 inter
871 1798 1038 1841 nobiles
1069 1799 1188 1840 viros
1217 1813 1243 1840 a
1274 1797 1482 1854 Septimio
1511 1796 1674 1839 Severo
1705 1795 1867 1837 occisos
1896 1793 1968 1836 vit.

236 1865 377 1909 Seuer.
408 1870 477 1918 13,
508 1870 553 1911 2.

149 1945 232 1989 375
265 1945 443 2002 Sergius
469 1947 661 2003 Paullus,
695 1955 846 1990 auctor
876 1948 1100 1990 adhibitus
1131 1963 1157 1989 a
1185 1947 1326 1990 Plinio
1357 1947 1397 1991 h.
1419 1961 1461 1989 n.
1488 1950 1526 1997 1,
1555 1948 1610 1988 18
1641 1946 1758 1999 (item
1787 1944 1971 1998 fortasse

234 2019 273 2066 1,
305 2019 350 2067 2,
399 2016 477 2059 ubi
511 2016 707 2071 plerique
752 2017 914 2060 codices
956 2017 1135 2072 Sergius
1182 2016 1328 2070 Plato,
1374 2030 1484 2059 unus
1531 2015 1710 2070 Sergius
1753 2011 1970 2065 Plautus).

236 2083 302 2138 Cf.
333 2085 456 2139 infra
484 2088 560 2130 sub
594 2088 644 2130 L.
677 2088 829 2143 Seryio
859 2088 1033 2131 Plauto.

149 2164 234 2207 376
263 2171 310 2207 L.
342 2171 552 2209 SERGIVS
583 2175 808 2210 PAVLLvs
852 2169 930 2221 (sie
971 2172 999 2211 t.
1028 2169 1243 2219 urbanus,
1283 2167 1463 2222 Sergius
1493 2165 1656 2209 Paulus
1689 2167 1769 2208 act.
1803 2165 1969 2219 apost),

204 2268 208 2271 Α
236 2241 410 2278 curator
449 2237 642 2293 riparum
684 2244 726 2279 et
764 2237 877 2280 alvei
908 2237 1081 2280 Tiberis
1123 2237 1203 2280 sub
1235 2236 1418 2280 Claudio
1456 2236 1604 2290 cippus
1631 2234 1823 2276 urbanus
1852 2232 1970 2275 Bull.

193 2319 196 2321 ’
235 2304 453 2347 cornunale
472 2308 587 2348 1887
607 2321 652 2361 p.
673 2310 757 2349 306
787 2306 974 2362 (cippum
995 2307 1184 2361 positum
1204 2320 1290 2349 esse
1309 2320 1393 2348 non
1421 2307 1518 2347 ante
1540 2317 1760 2346 censuram
1782 2300 1969 2351 Claudii,

236 2373 265 2415 i.
288 2387 322 2416 e.
342 2388 428 2416 non
454 2378 551 2418 ante
572 2390 611 2419 a.
631 2379 699 2426 47,
733 2377 908 2418 coniecit
936 2376 1111 2419 Gattius
1137 2376 1162 2420 l.
1185 2390 1217 2418 e.
1242 2390 1290 2430 p.
1311 2375 1403 2429 313,
1435 2373 1509 2417 sed
1535 2373 1674 2416 neseio
1700 2386 1803 2414 nuni
1831 2372 1971 2426 recte).

238 2442 475 2485 Proconsul
507 2443 643 2501 Cypri
685 2460 734 2488 eo
773 2452 965 2502 tempore
996 2460 1081 2501 quo
1114 2444 1276 2487 Paulus
1317 2442 1537 2500 apostolus
1569 2456 1618 2484 eo
1647 2442 1769 2483 venit
1799 2439 1974 2496 (seilicet

237 2511 348 2554 inter
378 2526 512 2555 annos
541 2516 594 2556 45
625 2517 664 2556 et
691 2516 758 2564 50,
795 2517 843 2555 ut
872 2513 1016 2568 eolliyi
1038 2516 1176 2568 potest
1206 2528 1256 2555 ex
1285 2514 1344 2555 eis
1373 2526 1479 2566 quae
1500 2514 1731 2566 praeterea
1761 2508 1810 2551 de
1842 2506 1976 2549 Pauli

237 2580 328 2623 vita
357 2584 397 2623 et
426 2582 652 2625 itineribus
680 2582 877 2634 seimus),·
905 2582 1114 2625 Iudaeum
1145 2581 1334 2638 aliquem
1360 2595 1535 2636 magum
1556 2579 1672 2636 apud
1692 2594 1737 2640 se
1762 2576 1973 2630 habebat3

240 2663 337 2691 cum
365 2651 624 2694 miraculum
646 2651 866 2708 quoddam
893 2666 919 2693 a
944 2651 1080 2693 Paulo
1104 2651 1268 2693 editum
1289 2650 1482 2705 vidisset,
1504 2648 1719 2692 ‘credidit’
1741 2650 1821 2691 act.
1840 2648 1973 2701 apost.

238 2721 306 2769 13,
326 2722 353 2761 6
371 2733 452 2774 seq.
499 2720 586 2776 (Ab
607 2721 689 2763 hae
714 2736 760 2763 re
780 2720 914 2763 Pauli
939 2735 1090 2763 nomen
1112 2720 1346 2775 apostolum
1374 2720 1460 2762 sibi
1478 2718 1695 2769 indidisse,
1725 2730 1826 2759 nam
1848 2718 1975 2758 antea

239 2787 385 2841 fuerat
405 2789 579 2840 Saulus,
606 2791 783 2832 coniecit
800 2790 1085 2844 Hieronymus
1106 2792 1374 2833 commentar.
1397 2790 1443 2831 in
1464 2789 1582 2843 epist.
1605 2787 1664 2830 ad
1683 2785 1974 2828 Philemonem

238 2855 412 2912 [Miqne
443 2861 480 2909 7,
511 2858 625 2914 640],
658 2859 712 2912 ef.
745 2858 794 2900 de
823 2859 902 2901 vir.
934 2858 995 2901 ill.
1026 2857 1081 2912 5).
1142 2857 1242 2900 Non
1278 2858 1343 2900 ita
1383 2860 1561 2907 eertum,
1608 2870 1665 2898 an
1703 2855 1771 2897 hie
1811 2851 1974 2896 Paulus

241 2924 500 2982 [pro]consul
522 2926 658 2983 Cypri
690 2927 786 2980 (τῶν
809 2929 872 2969 ἐπὶ
895 2926 1057 2970 Παύλου
1087 2959 1097 2969 .
1115 2959 1125 2969 .
1143 2959 1153 2969 .
1171 2929 1320 2970 υποὶτου
1352 2926 1493 2982 lapis),
1525 2926 1573 2968 in
1598 2928 1625 2969 t.
1650 2924 1818 2967 Solensi
1844 2922 1978 2977 Cypri

242 3008 311 3048 ap.
345 2994 565 3038 Cesnolam
596 2994 721 3050 prr.
754 2994 899 3050 (1877)
921 3010 969 3050 p.
994 2998 1078 3038 424
1107 3009 1148 3037 n.
1173 2998 1245 3038 29.

155 3073 238 3116 377
270 3080 314 3117 L.
347 3081 556 3118 SERGIVS
587 3083 811 3118 PAVLLVS
843 3074 948 3128 (tria
982 3076 1156 3118 nomina
1196 3076 1242 3118 in
1273 3077 1424 3131 priore
1454 3075 1674 3118 consulatu
1704 3074 1772 3116 VI
1794 3075 1896 3123 253,
1929 3073 1974 3114 in

201 3169 205 3173 -
243 3143 376 3186 altero
416 3144 541 3187 VIII
573 3148 694 3188 6979.
737 3145 818 3187 IX
844 3147 967 3187 3950.
1008 3144 1133 3187 XIV
1154 3148 1292 3197 279&
1338 3145 1516 3200 Sergius
1558 3143 1719 3187 Paul'us
1760 3142 1828 3185 VI
1849 3144 1972 3191 1803,

242 3211 455 3265 Galenus;
484 3213 711 3270 Σερουίλιος
729 3213 794 3256 vel
813 3214 1065 3269 Σερουίλλιος
1086 3212 1244 3261 Παῦλος
1273 3213 1434 3257 codices
1453 3213 1661 3269 Eusebii).
1686 3236 1736 3241 —-
1759 3211 1975 3253 Incertum

241 3284 384 3323 utrum
413 3281 482 3324 hie
513 3296 569 3324 an
598 3282 710 3324 alius
742 3282 863 3337 serg.
887 3280 1022 3336 Paul.,
1056 3283 1180 3324 cuius
1209 3282 1389 3339 praedia
1417 3288 1713 3324 memorantur
1742 3281 1787 3322 in
1817 3277 1975 3334 tegulis

243 3349 369 3391 factis
409 3365 447 3394 a.
481 3351 561 3392 134
603 3350 702 3393 XV
721 3352 802 3393 516
842 3349 1001 3405 (potest
1044 3351 1226 3405 coyitari
1269 3352 1395 3394 etiam
1441 3351 1491 3394 de
1537 3351 1693 3405 Seryia
1735 3347 1973 3403 Paullina).
