2242 3672
303 272 565 310 SEPTIMIVS
1161 261 1245 303 214
1525 245 1528 248 ’
1841 265 2104 324 sanIMIVs

386 404 497 459 falso
528 401 781 445 translatum
807 400 854 442 in
875 398 1127 453 Septimium
1149 396 1348 440 Severum
1374 399 1411 438 et
1429 395 1611 438 Didium
1630 394 1879 451 Iulianum).
1929 396 2107 440 Hirsch-

385 473 474 526 feld
503 471 670 514 Wiener
700 468 879 512 Studien
908 470 945 517 6,
978 469 1088 507 1884
1110 480 1158 520 p.
1182 469 1269 508 123
1310 465 1486 508 coniecit
1515 465 1716 508 Severum
1749 466 1987 508 absolutum
2021 479 2106 508 esse

386 555 413 582 a
441 539 574 582 Didio
604 538 777 580 Iuliano
800 538 1015 591 praetore.

473 606 777 659 ‘Quaesturam
823 603 1053 658 diligenter
1098 603 1186 657 egit
1231 603 1386 644 omisso
1438 603 1664 645 tribunatu
1717 602 1868 658 [omnis
1918 602 2107 646 sortibus

384 683 488 718 natu
513 674 722 724 traditur;
761 671 994 714 emendavit
1021 669 1272 724 Hirschfeld
1299 670 1445 712 Herm.
1476 673 1515 721 3,
1546 670 1644 725 230]
1680 670 1871 713 militari'
1904 672 1976 714 vit.
2006 674 2050 722 2,
2080 674 2108 713 3

384 744 600 797 (tribunus
639 741 836 783 militaris
863 739 1044 794 Eutrop.
1077 741 1116 789 8,
1148 741 1215 789 18,
1255 738 1329 780 sed
1367 739 1422 792 cf.
1452 740 1617 794 supra).
1685 740 1789 782 Post
1829 746 2108 797 quaesturam

384 819 497 853 sorte
536 811 757 852 Baeticam
797 809 964 864 accepit
1003 814 1133 864 atque
1171 807 1270 849 inde
1301 806 1494 849 Africam
1535 809 1664 865 petit,
1708 815 1756 850 ut
1784 815 1954 850 mortuo
1985 814 2108 865 patre

383 894 474 921 rem
502 878 779 920 domesticam
810 883 1107 933 componeret3
1139 875 1214 917 sed
1246 875 1348 917 dum
1379 877 1423 918 in
1454 875 1605 918 Africa
1635 883 1720 929 est,
1752 891 1832 934 pro
1860 877 2039 920 Baetica
2069 877 2108 919 ei

386 947 587 991 Sardinia
617 946 824 989 attributa
858 950 935 995 est,
966 944 1081 1002 quod
1102 945 1323 987 Baeticam
1352 945 1495 987 Mauri
1522 944 1876 1002 populabantur‘3
1908 953 2111 1003 quaestor

384 1018 517 1071 igitur
565 1016 814 1071 provinciae
865 1013 1092 1056 Sardiniae
1135 1014 1208 1055 vit.
1243 1016 1286 1064 2,
1328 1015 1416 1056 3-5
1466 1013 1532 1069 (de
1577 1013 1738 1069 duplici
1779 1018 2011 1068 quaestura
2054 1016 2108 1070 cf.

385 1084 621 1126 Mommsen
651 1083 837 1126 Staatsr.
868 1082 950 1124 11³
973 1086 1022 1136 p.
1053 1085 1137 1124 259
1166 1084 1252 1125 not.
1283 1084 1344 1138 2).
1413 1082 1604 1137 Legatus
1634 1083 1905 1139 proconsulis
1934 1083 2110 1127 Africae

382 1154 453 1196 vit.
484 1156 526 1203 2,
558 1155 596 1195 5.
651 1152 874 1194 Tribunus
916 1149 1054 1207 plebis
1094 1150 1349 1192 candidatus
1387 1151 1488 1207 imp.
1520 1151 1580 1193 M.
1611 1151 1781 1194 Aurelii
1811 1153 1883 1197 vit.
1913 1156 1952 1204 3,
1983 1156 2022 1196 1.
2055 1176 2106 1182 -—

382 1222 574 1264 Uxorem
595 1220 721 1262 duxit
742 1221 942 1262 Pacciam
962 1219 1230 1261 Marcianam
1250 1220 1321 1261 vit.
1341 1222 1381 1270 3,
1403 1223 1435 1263 2
1455 1220 1510 1274 cf.
1537 1219 1662 1263 VIII
1675 1220 1722 1264 S.
1743 1224 1891 1264 19494.
1937 1221 2011 1264 Ex
2029 1220 2110 1264 hac

380 1292 428 1330 ut
455 1288 619 1330 videtur
649 1301 779 1330 umore
808 1294 933 1343 pater
963 1287 1145 1329 duarum
1176 1286 1383 1343 filiarum,
1422 1303 1531 1344 quas
1562 1289 1764 1345 princeps
1795 1289 1936 1332 factus
1966 1289 2110 1333 Probo

384 1364 426 1399 et
444 1357 570 1399 Aetio
597 1356 686 1412 (sed
705 1356 760 1410 cf.
782 1356 1033 1410 Hirschfeld
1052 1356 1199 1398 Herm.
1221 1359 1291 1407 25,
1313 1359 1399 1399 276
1420 1360 1505 1399 not.
1522 1357 1566 1412 1)
1593 1357 1820 1400 collocavit
1838 1359 1910 1402 vit.
1930 1361 1970 1410 8,
1993 1362 2032 1403 1.
2051 1382 2110 1388 --

382 1426 562 1467 Praetor
602 1425 851 1479 designatus
887 1439 913 1466 a
946 1424 1094 1466 Marco
1134 1439 1222 1466 non
1256 1425 1300 1465 in
1332 1425 1537 1478 candida,
1575 1426 1651 1468 sed
1691 1427 1737 1468 in
1776 1428 2109 1483 competitorum

383 1508 537 1549 grege,
574 1508 686 1535 anno
726 1494 879 1535 aetatis
920 1493 1104 1535 XXXII
1143 1494 1199 1547 (a.
1234 1495 1331 1548 178)
1362 1494 1433 1538 vit.
1465 1497 1504 1545 3,
1535 1497 1575 1536 3.
1624 1495 1676 1537 In
1708 1496 1803 1552 ipsa
1832 1502 2035 1552 praetura
2063 1496 2109 1537 in

384 1564 641 1619 Hispaniam
672 1564 827 1604 missus
858 1562 1045 1618 (leyatus
1074 1562 1342 1619 iuridicus?)‚
1374 1563 1497 1605 ludos
1523 1563 1678 1606 absens
1700 1563 1836 1606 edidit
1854 1564 1926 1608 vit.
1947 1567 1986 1615 3,
2007 1568 2046 1607 4.
2066 1566 2107 1607 5.

382 1633 571 1687 Legatus
611 1631 795 1686 legionis
829 1632 920 1674 IIII
950 1631 1177 1687 Scythicae
1205 1632 1276 1674 vit.
1307 1635 1347 1682 3,
1378 1635 1404 1674 6
1444 1633 1578 1686 (circa
1608 1632 1846 1675 Massiliam
1877 1634 1951 1689 ib„
1993 1633 2110 1676 'circa

385 1702 652 1744 Samosatam
688 1700 864 1742 coniecit
892 1700 1152 1754 Hirschfeld,
1196 1701 1248 1753 cf.
1283 1702 1310 1742 t.
1341 1700 1625 1744 Samosatcns.
1653 1701 1742 1744 III
1764 1704 1883 1753 6048,
1925 1702 1974 1744 it.
2003 1701 2107 1744 Ant.

379 1785 426 1824 p.
448 1772 542 1820 186,
572 1769 649 1811 ubi
677 1768 758 1823 leg.
789 1769 880 1811 IIII
911 1769 1209 1823 scribendum).
1253 1769 1375 1811 ‘Post
1395 1769 1485 1811 -hoc
1505 1769 1700 1812 Athenas
1729 1771 1839 1827 petit
1868 1770 2107 1813 studiorum

383 1852 688 1894 sacrorumque
719 1851 850 1879 causa
881 1844 923 1879 et
953 1851 1132 1893 operum
1162 1852 1214 1879 ac
1244 1844 1524 1880 vetustatum‘
1553 1838 1625 1880 vit.
1646 1841 1686 1889 3,
1710 1842 1748 1882 7.
1805 1838 2000 1894 Legatus
2028 1852 2108 1896 pro

382 1922 446 1962 pr.
484 1907 734 1962 provinciae
767 1905 1075 1960 Lugdunensis
1100 1906 1171 1947 vit.
1201 1908 1241 1956 3,
1272 1908 1322 1958 8;
1351 1907 1423 1948 vit.
1456 1906 1679 1949 Pescennii
1710 1906 1844 1962 Niyri
1867 1910 1907 1958 3,
1937 1910 1986 1960 3,·
2020 1907 2108 1950 Dio

381 1979 445 2026 74,
466 1978 505 2017 3.
546 1974 718 2017 Amissa
747 1974 971 2017 Marciana
1002 1989 1139 2016 uxore
1170 1974 1326 2016 Iuliam
1350 1975 1565 2017 Domnam
1588 1990 1767 2018 uxorem
1788 1977 1914 2033 petiit
1935 1991 1959 2018 e
1980 1976 2109 2033 Syria

384 2052 426 2086 et
456 2045 622 2100 accepit
652 2044 900 2086 interventu
929 2044 1167 2085 amicorum
1198 2044 1260 2099 (in
1283 2043 1434 2086 Gallia
1460 2047 1508 2086 ut
1536 2044 1731 2101 videtur);
1761 2059 1816 2086 ex
1846 2059 1933 2101 qua
1962 2046 2109 2088 statim

382 2120 506 2169 pater
541 2112 681 2155 factus
724 2119 788 2155 est
818 2110 1056 2164 (Bassiani,
1097 2113 1170 2166 qui
1196 2115 1325 2154 natus
1355 2116 1416 2155 est
1444 2113 1647 2167 Isuyduni
1676 2128 1716 2155 a.
1743 2116 1825 2156 186
1852 2117 1902 2156 ut
1928 2114 2105 2165 videtur,

385 2182 438 2235 cf.
465 2182 540 2223 sub
564 2181 770 2235 Septimio
790 2180 1023 2236 Bassiano)
1054 2181 1126 2222 vit.
1146 2183 1186 2231 3,
1206 2183 1231 2223 9
1262 2179 1445 2235 (leyatus
1464 2180 1757 2235 Duqdunensis
1784 2182 1948 2225 videtur
1977 2183 2110 2238 iyitwr

382 2250 514 2303 fuisse
535 2250 650 2291 circa
671 2264 710 2291 a.
733 2249 980 2303 185—187).
1026 2248 1067 2291 A
1089 2248 1226 2293 Gallis
1247 2248 1427 2291 dilectus
1447 2250 1522 2293 vit.
1542 2253 1581 2301 4,
1603 2253 1644 2293 1.
1689 2250 1842 2304 (Dein
1862 2251 2108 2294 Pannonias

383 2317 682 2374 proconsulari
712 2318 894 2374 imperio
931 2318 1060 2359 rexit'
1093 2318 1164 2359 vit.
1194 2321 1233 2368 4,
1264 2321 1296 2361 2
1323 2318 1465 2371 male).
1528 2319 1649 2361 ‘Post
1676 2318 1758 2361 hoo
1790 2319 1984 2363 Siciliam
2012 2335 2107 2376 pro·

386 2386 655 2428 consularem
677 2394 790 2428 sorte
812 2388 984 2429 meruit’
1006 2388 1079 2428 vit.
1102 2387 1130 2429 l.
1152 2401 1186 2430 c.
1240 2387 1544 2444 ‘Suscepitque
1567 2388 1728 2430 Romae
1749 2388 1930 2431 alterum
1953 2388 2105 2431 filium'

386 2453 443 2506 (a.
475 2457 568 2505 189,
602 2456 656 2508 cf.
687 2456 762 2498 sub
795 2456 846 2498 L.
878 2456 1084 2510 Septimio
1112 2455 1241 2512 Geta)
1276 2457 1366 2498 vita
1405 2456 1432 2500 l.
1471 2470 1504 2499 c.
1569 2457 1636 2498 ‘In
1677 2456 1847 2512 Sicilia,
1890 2459 2014 2514 quasi
2054 2457 2109 2499 de

387 2524 565 2578 imperio
594 2523 662 2565 vel
675 2531 803 2566 'vates
824 2524 893 2565 vel
914 2524 1155 2567 Chaldaeos
1186 2524 1481 2576 consuluisset,
1513 2540 1613 2567 reus
1643 2525 1796 2579 factus,
1828 2525 1904 2568 sed
1931 2541 1958 2568 a
1986 2540 2108 2582 prae·

387 2593 508 2634 fectis
544 2594 770 2648 praetorio,
803 2593 959 2649 quibus
994 2593 1237 2636 audiendus
1267 2593 1394 2636 datus
1423 2594 1576 2649 fuerat,
1619 2593 1859 2636 absolutus'
1892 2595 1964 2637 vit.
1993 2598 2033 2645 4,
2063 2597 2104 2637 3.

389 2660 549 2702 Consul
589 2661 837 2715 designatus
881 2677 908 2704 a
948 2661 1184 2704 Commodo
1228 2663 1356 2704 ‘inter
1395 2662 1621 2719 plurimos‘
1663 2663 1736 2705 vit.
1771 2666 1810 2714 4,
1841 2666 1893 2714 4;
1933 2677 2044 2705 unus
2085 2677 2108 2705 e

387 2729 541 2782 viginti
574 2730 765 2785 quinque
796 2730 1056 2781 consulibus,
1080 2745 1188 2787 quos
1219 2732 1264 2772 in
1295 2746 1430 2773 unum
1461 2746 1621 2773 annum
1643 2730 1859 2774 Cleander
1887 2730 1992 2774 fecit
2019 2730 2109 2774 Dio

388 2801 456 2847 72,
484 2801 542 2839 12
552 2810 565 2848 ;
596 2797 746 2839 consul
776 2813 873 2840 cum
894 2799 1080 2854 Apuleio
1113 2800 1211 2854 (scr.
1235 2799 1442 2854 Atuleno)
1473 2799 1630 2842 Rufino
1654 2801 1725 2842 vit.
1746 2803 1786 2851 4,
1807 2803 1835 2842 4
1864 2799 1994 2855 (anno
2012 2802 2107 2850 189,

390 2866 460 2907 viae
492 2869 654 2919 postea,
696 2866 734 2907 si
766 2880 859 2908 vere
888 2867 964 2909 hoc
996 2882 1108 2910 anno
1134 2867 1347 2910 Cleander
1376 2869 1535 2910 occisus
1567 2868 1654 2923 eso.
1714 2869 1928 2911 Incertum
1958 2882 2016 2911 an
2043 2867 2112 2910 hic

391 2933 568 2975 Severus
607 2934 682 2975 sub
721 2948 800 2987 quo
837 2936 1002 2978 consule
1037 2940 1165 2978 natus
1193 2936 1321 2988 Geta,
1353 2950 1491 2979 mense
1522 2937 1636 2979 Mai.
1667 2939 1764 2988 189,
1794 2938 1867 2979 vit.
1898 2935 2032 2979 Getae
2059 2939 2087 2979 3
2096 2950 2110 2989 ;

388 3016 489 3044 nam
517 3016 602 3043 non
625 3002 761 3044 solum
791 3003 949 3058 colleya
977 3005 1102 3048 huius
1129 3006 1285 3048 dicitur
1313 3006 1444 3060 fuisse
1469 3005 1672 3057 Vitellius,
1705 3005 1815 3060 quod
1841 3019 1991 3048 nomen
2020 3018 2110 3048 cor—

388 3073 559 3124 ruptum
582 3073 721 3124 potest
751 3084 834 3113 esse
865 3086 915 3113 ex
943 3072 1128 3116 Atuleno
1158 3074 1220 3116 vel
1249 3074 1446 3129 Apuleio,
1486 3074 1559 3117 sed
1587 3075 1714 3116 etiam
1742 3075 1783 3116 si
1812 3074 1965 3117 Severo
1993 3073 2110 3129 filius

389 3142 515 3180 natus
555 3141 659 3180 esset
696 3139 741 3180 in
779 3141 1018 3192 consulatu,
1065 3143 1260 3197 scrijotor,
1309 3144 1379 3185 cui
1418 3144 1712 3186 narrationem
1752 3143 1800 3185 dc
1838 3143 1928 3185 vita
1965 3141 2113 3186 Severi

390 3207 573 3249 nondum
593 3208 808 3262 principis
838 3209 1039 3261 debemus,
1063 3215 1171 3265 puto
1201 3212 1249 3254 id
1277 3215 1533 3254 annotasset.

479 3276 598 3317 ‘Post
613 3275 882 3318 consulatum
898 3293 1009 3320 anno
1032 3279 1165 3321 ferme
1180 3280 1264 3322 fuit
1280 3281 1455 3322 otiosus'
1468 3281 1540 3322 vit.
1557 3284 1596 3331 4,
1612 3284 1652 3323 4.
1677 3280 1806 3322 ‘Dein
1820 3279 1892 3333 (Q.
1903 3278 2108 3333 Aemilio)

392 3344 525 3386 Laeto
557 3344 818 3398 suffragante
850 3349 1059 3389 exercitui
1091 3349 1308 3391 Germano
1340 3350 1635 3405 praeponitur’
1658 3349 1730 3391 vit.
1758 3348 1785 3392 l.
1807 3362 1840 3390 c.
1873 3348 1974 3404 (non
2001 3346 2108 3390 Ger-
