2242 3672
250 255 504 291 STATILIVS
1113 242 1196 284 264
1794 247 2049 286 STATILIVS

332 389 429 427 tune
469 381 705 438 appellatus
741 380 972 433 imperator
1010 379 1185 429 iterum,
1229 379 1284 432 ef.
1316 377 1467 432 infra).
1529 376 1583 420 A.
1613 378 1696 421 723
1732 377 1848 434 apud
1879 378 2053 422 Actium

332 453 466 508 copiis
486 447 754 507 pedestribus
775 446 973 489 Caesaris
999 452 1171 502 praeest
1192 446 1290 488 Vell.
1313 449 1355 497 2,
1378 448 1443 496 85,
1467 445 1585 488 Plut.
1602 445 1706 488 Ant.
1722 449 1787 497 65,
1808 445 1896 490 Dio
1915 450 1983 498 50,
2000 450 2054 490 13

331 520 506 575 (Zonar.
528 521 593 567 10,
615 518 703 571 29).
753 515 807 559 A.
831 516 913 558 724
942 514 1305 570 amphitheatrum
1336 516 1381 556 in
1411 529 1562 571 campo
1593 514 1752 556 Martio
1785 515 1980 558 extruxit
2009 521 2052 557 et

331 587 546 629 dedicavit
574 584 662 626 Dio
691 586 756 633 51,
778 586 858 634 23,·
889 582 1005 625 Suet.
1036 582 1148 638 Auy.
1173 586 1253 634 29,·
1279 583 1335 637 ef.
1373 583 1470 626 Tae.
1503 597 1542 625 a.
1573 585 1612 634 3,
1643 586 1701 627 72
1711 596 1725 635 ,·
1754 588 1983 640 propterea
2012 584 2052 626 ei

330 654 538 697 tributum
568 668 594 695 a
624 651 782 708 populo
813 657 861 692 ut
883 652 1113 707 quotannis
1143 666 1277 694 unum
1309 666 1332 694 e
1359 650 1631 708 praetoribus
1661 650 1804 694 facere
1834 651 1873 693 ei
1902 649 2053 695 liceret

328 722 415 764 Dio
446 722 471 765 Z.
505 735 537 764 e.
585 721 869 775 (Memoratur
889 719 1256 776 amphitheatrum
1277 720 1410 763 Tauri
1433 719 1550 764 Suet.
1573 718 1663 764 Cal.
1686 722 1755 771 18,
1787 718 1875 762 Dio
1894 722 1960 771 59,
1981 723 2048 772 10,

328 790 596 845 significatur
625 789 773 832 Strab.
804 791 831 831 5
852 802 901 842 p.
923 791 1031 840 236;
1061 789 1114 842 cf.
1157 788 1226 831 VI
1247 789 1547 844 6226—6228.)
1608 788 1660 831 A.
1694 788 1775 830 725
1811 787 2050 832 Cantabros

328 866 370 900 et
389 859 606 900 Vaccaeos
629 863 671 899 et
690 856 873 899 Astures
896 857 1000 898 vicit
1020 855 1109 899 Dio
1128 860 1194 908 51,
1215 860 1289 900 20.
1335 858 1577 913 Imperator
1598 863 1663 899 ter
1694 859 1721 899 t.
1743 860 1781 900 1.
1802 859 1846 900 2.
1888 855 2051 900 Consul

327 927 483 969 iterum
514 929 541 970 t.
574 930 610 970 1.
640 929 682 980 2,
723 924 966 967 ordinarius
1007 940 1045 967 a.
1078 926 1159 968 728
1199 940 1297 968 cum
1333 925 1533 981 Augusto
1574 931 1775 968 octavum
1815 925 1925 979 fasti
1962 924 2049 979 (bis

327 994 475 1036 consul
507 994 622 1038 Suet.
655 993 759 1036 Ner.
790 996 890 1047 35)-
935 992 1092 1048 Augur
1122 996 1150 1038 t.
1182 998 1220 1037 1.
1281 993 1414 1037 Curio
1455 995 1672 1036 maximus
1702 997 1730 1036 t.
1757 996 1782 1036 1
1813 991 2051 1049 (complura

326 1062 564 1104 sacerdotia
594 1062 682 1104 eius
711 1061 928 1116 siynifieat
958 1061 1136 1104 Velleius
1164 1065 1207 1113 2,
1239 1065 1354 1118 127).
1410 1062 1463 1105 A.
1498 1063 1579 1105 738
1611 1076 1709 1104 cum
1737 1061 1964 1117 Augustus
2004 1063 2049 1105 in

324 1130 512 1173 Galliam
546 1130 905 1186 proficisceretur,
939 1144 1086 1172 curam
1121 1129 1243 1172 urbis
1280 1137 1322 1173 et
1356 1130 1508 1173 Italiae
1537 1131 1683 1173 Tauro
1721 1130 1934 1173 commisit
1961 1129 2050 1173 Dio

324 1201 388 1249 54,
412 1202 476 1253 19,
505 1205 774 1255 ‘potestatem
796 1198 1112 1254 (praefecturae
1135 1198 1357 1255 urbanae),
1386 1213 1648 1256 quamquam
1669 1204 1876 1256 provecta
1895 1204 2047 1254 aetate,

325 1268 494 1322 egregie
537 1266 749 1308 toleravit‘
790 1267 887 1310 Tae.
921 1281 961 1310 a.
993 1270 1031 1318 6,
1062 1270 1137 1319 11,·
1176 1268 1231 1321 ef.
1265 1267 1503 1311 Mommsen
1538 1267 1720 1312 Staatsr.
1752 1267 1836 1311 11³
1863 1282 1912 1323 p.
1939 1270 2050 1310 1060
2111 1317 2115 1320 ⁴

323 1338 408 1378 not.
429 1339 467 1377 1.
522 1335 727 1378 Fortasse
755 1335 823 1378 hie
855 1334 1052 1378 Statilius
1082 1335 1275 1391 Taurus,
1314 1336 1370 1379 ad
1401 1351 1530 1393 quem
1561 1337 1818 1393 rescriptum
1848 1335 2048 1380 Caesaris

324 1404 481 1446 citatur
509 1403 612 1458 Diy.
632 1407 673 1455 8,
694 1407 732 1455 3,
755 1406 821 1447 35.
846 1428 895 1434 -—
928 1403 1073 1446 Huius
1102 1408 1150 1447 ut
1177 1405 1343 1447 videtur
1370 1406 1420 1448 T.
1453 1404 1612 1448 Statilii
1639 1405 1772 1448 Tauri
1803 1403 2049 1462 praefectus

323 1471 653 1528 quinquennalis
689 1472 955 1528 Dyrrhachii
987 1472 1076 1515 III
1097 1476 1174 1517 605
1209 1472 1389 1529 (videtur
1427 1473 1559 1528 iyitur
1588 1472 1856 1528 Dyrrhachii
1891 1472 2049 1516 honore

322 1540 565 1583 duoviratus
585 1554 684 1583 usus
706 1554 791 1584 esse
798 1554 811 1593 ,·
838 1541 892 1595 ef.
911 1540 1110 1584 Momm-s.
1129 1541 1316 1585 Staatsr.
1333 1542 1396 1584 II
1398 1541 1416 1567 ³
1427 1556 1476 1596 p.
1491 1544 1578 1585 828
1592 1545 1678 1586 not.
1689 1541 1745 1597 5).
1759 1541 2046 1586 —.Ineertwm

322 1611 463 1650 utrum
492 1609 589 1651 huie
620 1623 677 1662 an
707 1609 869 1652 consuli
897 1624 936 1652 a.
959 1624 1008 1664 p.
1038 1609 1139 1653 Chr.
1165 1614 1218 1652 11
1250 1624 1306 1653 an
1337 1610 1512 1664 denique
1542 1610 1705 1653 consuli
1733 1625 1773 1655 a.
1803 1614 1858 1654 44
1877 1610 2049 1666 positus

325 1677 470 1719 titulus
511 1678 780 1733 Meyarensis
820 1678 956 1723 Insor.
1001 1677 1154 1723 Graec.
1186 1682 1288 1733 sept.
1321 1678 1355 1721 I
1376 1681 1443 1721 86.
1475 1703 1526 1708 ——
1559 1678 1693 1721 Pater
1720 1678 1886 1722 videtwr
1914 1679 2052 1723 Tauri

323 1745 412 1787 eius
451 1747 523 1800 qui
560 1747 758 1801 sequitur,
791 1760 893 1790 avus
937 1747 981 1790 T.
1013 1746 1182 1791 Statilii
1212 1747 1348 1791 Tauri
1386 1747 1568 1790 consulis
1609 1762 1649 1790 a.
1680 1750 1732 1790 11
1771 1747 1830 1801 (si
1866 1747 2049 1791 consulis
2123 1781 2125 1784 -

326 1827 365 1855 a.
392 1817 452 1865 11,
483 1818 531 1856 ut
551 1819 671 1869 puto,
705 1815 879 1858 libertus
899 1816 984 1870 fuit
1004 1815 1055 1858 T.
1079 1815 1277 1859 Statilius
1296 1816 1458 1858 Dasius
1479 1816 1613 1858 Tauri
1638 1815 1666 1860 l.
1698 1815 1754 1858 ad
1783 1822 1947 1860 vestem
1978 1817 2047 1859 avi

327 1881 394 1924 VI
406 1886 532 1937 6372,
557 1883 624 1926 hie
643 1885 730 1938 fuit
750 1898 853 1927 avus
871 1884 974 1938 ille).
1004 1884 1186 1928 Abavus
1208 1884 1404 1928 Statiliae
1425 1883 1701 1927 Messallinae
1718 1884 1835 1928 Suet.
1858 1884 1963 1930 Ner.
1982 1885 2048 1928 35.

326 1950 514 1993 Stemma
542 1952 707 1995 videtur
733 1953 865 2007 fuisse
894 1953 993 1996 hoe:

843 2031 889 2068 T.
916 2031 1093 2069 Statilius
1121 2031 1271 2068 Taurus
1295 2034 1344 2077 (n.
1367 2034 1449 2075 615)

981 2090 1054 2115 cos.
1080 2089 1112 2114 a.
1138 2079 1216 2142 ¹717.
1241 2079 1309 2115 728

240 2165 290 2202 Μ.
314 2166 490 2203 va1erius
516 2167 697 2203 Messana
831 2169 875 2206 T.
900 2170 1103 2215 (Statilius)
1125 2143 1275 2205 'faurus
1297 2170 1348 2214 (n.
1372 2170 1454 2214 616)
1477 2191 1519 2204 v
1546 2167 1723 2205 Cornelia
1746 2170 1795 2214 (n.
1811 2169 1898 2212 623)

370 2211 556 2303 Corvlinus
1493 2214 1499 2282 Ι

250 2303 416 2347 (Valeria
441 2304 674 2350 Messallina)
691 2331 734 2342 v
752 2306 798 2343 T.
811 2306 986 2343 Statilius
1003 2307 1152 2343 Taurus
1167 2308 1217 2352 (n.
1229 2309 1312 2352 617)
1363 2306 1526 2343 Sisenna
1542 2304 1719 2342 Statilius
1737 2303 1888 2340 Taurus
1904 2305 1954 2350 (n.
1965 2305 2051 2349 613)

710 2353 715 2443 Ι
839 2364 911 2389 cos.
938 2365 970 2388 a.
995 2365 1031 2399 p.
1056 2352 1143 2389 Chr.
1172 2353 1212 2390 11
1491 2363 1592 2398 *cos
1618 2362 1652 2386 a.
1676 2362 1713 2441 pl.
1738 2349 1826 2387 Chr.
1853 2351 1896 2387 16

323 2473 368 2510 Τ.
386 2473 558 2511 statflius
687 2477 838 2514 Taurus
864 2477 1038 2514 Statilius
1258 2451 1628 2523 sss'enna(stat511us
1700 2476 1855 2514 Statilio.
1870 2475 2047 2514 Cornelia
2069 2482 2073 2485 ·

288 2519 596 2603 Tagcigsssiihssilg)
679 2522 883 2605 Corxggxslsuz
885 2526 954 2605 (25
958 2525 1038 2567 595)
1280 2522 1444 2569 Taurus)
1461 2526 1510 2569 (n.
1526 2525 1611 2568 614)
1795 2525 1845 2568 (n-
1860 2524 1948 2568 623)

244 2655 398 2691 Statilia
421 2656 644 2694 Messallina

378 2704 427 2747 (n.
443 2705 526 2747 625)

244 2772 327 2814 616
357 2778 399 2815 Τ.
423 2772 717 2826 (STATILIVs)
740 2781 933 2817 TAVRVs
960 2776 1157 2831 (Taurus
1176 2778 1359 2829 nammi,·
1390 2777 1440 2820 de
1465 2778 1553 2821 Titi
1573 2777 1852 2833 praenomine
1873 2780 2047 2829 constat,

328 2839 367 2880 si
395 2853 488 2881 vere
517 2840 601 2893 fuit
623 2845 750 2894 pater
779 2843 867 2885 eius
895 2844 968 2897 qui
996 2845 1183 2898 sequitur
1211 2848 1252 2888 et
1280 2845 1487 2889 Sisennae
1518 2846 1688 2890 Statilii
1721 2846 1876 2898 Tauri,
1915 2859 2050 2901 supra

329 2921 370 2949 n.
392 2910 498 2959 613,·
525 2922 626 2950 nam
655 2909 721 2951 his
759 2911 897 2952 Titum
918 2915 1091 2966 patrem
1117 2913 1326 2956 adtribuit
1355 2911 1481 2957 index
1500 2913 1687 2969 Dionis),
1718 2915 1921 2957 triumvir
1949 2928 2050 2957 aere

330 2982 508 3030 argento
530 2991 634 3018 auro
656 2977 798 3020 flando
819 2979 1030 3036 feriundo,
1062 2997 1149 3024 una
1170 2997 1269 3025 cum
1288 2982 1475 3025 Pulchro
1502 2989 1545 3025 et
1564 2982 1729 3038 Regulo
1761 2984 1876 3026 circa
1905 2998 1944 3026 a.
1967 2983 2050 3026 742

330 3045 490 3085 nummi
510 3045 629 3086 aenei
649 3059 717 3098 ap.
738 3046 898 3088 Eekhel
916 3051 954 3097 5,
976 3051 1067 3099 316,
1088 3049 1282 3092 Babelon
1300 3050 1518 3092 monnaies
1539 3049 1588 3092 de
1608 3050 1651 3092 la
1671 3051 1758 3104 rep.
1778 3051 1970 3094 romaine
1989 3050 2052 3093 II

327 3125 374 3164 p.
392 3114 481 3153 469.
524 3112 694 3155 Videtur
715 3114 845 3166 fuisse
865 3116 980 3168 filius
1001 3118 1088 3159 eius
1108 3119 1181 3172 qui
1191 3119 1415 3173 praeeedit
1442 3118 1521 3173 (sie
1540 3118 1751 3174 Boryhesi
1769 3134 1863 3175 opp.
1883 3123 1928 3172 2,
1948 3122 2048 3171 325,

333 3193 449 3232 quem
478 3181 664 3234 sequitur
692 3182 925 3225 Mommsen
948 3185 1059 3228 CIL.
1089 3187 1207 3241 VIp.
1223 3191 1331 3239 492;
1361 3188 1486 3230 aliter
1514 3187 1726 3243 Boryhesi
1753 3187 1782 3234 l.
1813 3202 1847 3231 e.
1867 3191 1906 3239 5,
1931 3190 2048 3244 127),

330 3251 458 3300 pater
504 3249 547 3290 T.
582 3249 753 3291 Statilii
792 3252 927 3293 Tauri
965 3255 1147 3297 consulis
1186 3271 1225 3298 a.
1252 3271 1301 3311 p.
1330 3256 1433 3299 Chr.
1465 3260 1518 3299 11
1556 3260 1595 3299 et
1635 3257 1840 3301 Sisennae
1880 3257 2052 3301 Statilii

337 3316 471 3357 Tauri
499 3318 679 3359 consulis
710 3333 748 3360 a.
772 3334 820 3373 p.
860 3320 962 3364 Chr.
991 3326 1054 3374 15,
1088 3338 1215 3377 grener
1245 3328 1384 3368 autem
1413 3326 1463 3369 L.
1498 3324 1685 3369 Cornelii
1713 3325 1930 3370 Sisennae.
1975 3326 2051 3369 Ad

331 3397 510 3427 summos
538 3385 712 3429 honores
740 3401 825 3430 non
852 3389 1015 3432 videtur
1035 3394 1287 3445 pervenisse.
