2242 3672
155 243 360 281 TV'HLIA
1023 238 1107 283 347
1685 246 1973 282 VAGELLIVS

238 378 383 419 minus
413 393 439 419 a
469 376 529 420 M.
560 376 740 420 Aurelio
777 377 1016 421 honoribus
1055 384 1292 420 exornatus
1321 378 1393 422 m‘t.
1428 378 1572 420 Mare.
1605 381 1676 429 29,
1708 381 1747 421 1.
1808 377 1971 421 Consul

240 446 338 489 suff.
368 461 515 488 mense
545 446 675 490 Febr.
707 462 744 490 a.
780 447 861 490 183
893 450 974 490 act.
1005 447 1110 491 Arv.

151 515 258 558 321ει
279 514 446 558 Tutilia
469 515 708 571 Proc(u)la,
740 517 791 558 L.
818 516 848 559 f.
875 516 1044 572 fistulae
1068 517 1262 559 urbanae
1293 530 1399 571 quas
1418 516 1525 559 vidit
1543 516 1742 568 Dressel,·
1772 518 1827 571 cs.
1850 514 1969 560 Ball.

235 584 454 627 comnnale
483 587 592 627 1890
613 599 661 639 p.
685 588 781 628 179.
841 584 1048 628 Fortasse
1076 586 1238 639 femina
1267 585 1436 628 nobaia

150 652 234 694 322
265 652 332 695 Ti.
374 653 580 695 Tutinius
627 652 841 707 Senti(us)
889 653 1109 709 Satrinus,
1158 654 1358 697 dominus
1403 654 1655 709 figlinarum
1703 654 1967 697 urbanarum

236 727 428 777 tempore
469 721 685 763 Hadriani
726 722 889 777 teynlae
928 722 976 765 X
986 723 1028 765 V
1047 726 1256 766 103-105.
1299 727 1520 774 107409,
1563 725 1618 778 cf.
1659 723 1832 767 Dressel
1874 724 1899 766 l.
1934 737 1968 768 c.

230 804 278 844 p.
308 792 378 832 25.
439 788 604 831 Filium
644 789 709 832 vel
739 793 847 832 certe
867 791 1161 845 propinquum
1191 792 1281 834 eius
1310 792 1443 846 fuisse
1473 793 1546 847 qni
1573 793 1763 846 sequitur
1792 793 1969 835 coniecit

236 858 460 900 Marinius
490 858 596 900 Arv.
618 872 668 913 p.
688 861 785 901 307.

145 927 231 970 323
264 934 329 970 TI.
370 933 605 969 TVTlNIVS
652 934 878 969 SEVERVS
921 928 1056 971 frater
1096 928 1292 984 Arvalis,
1345 930 1552 984 magister
1591 929 1759 986 collegii
1802 946 1839 975 a.
1882 932 1966 974 inc.

232 997 501 1053 temporibus
531 997 771 1040 Domitiani
802 998 1088 1052 fraymentmn
1118 1002 1332 1050 actorum,
1376 1014 1445 1054 ap.
1477 1000 1651 1043 Henzen
1671 1015 1721 1055 p.
1750 1001 1975 1044 CXXXV

230 1064 373 1121 (Dom.
407 1064 473 1120 0).

155 1157 215 1163 —
258 1133 396 1177 lulius
427 1135 577 1179 Tutor.

154 1227 214 1234 --
258 1209 310 1246 C.
331 1210 596 1247 VELLAEVS
628 1210 809 1247 TVTOR.

143 1272 228 1315 324
256 1272 542 1328 Tynchanius
573 1274 650 1330 (sic
672 1274 927 1326 Salmasius,
960 1274 1244 1331 Thyncanius
1276 1275 1494 1331 traditur),
1529 1278 1711 1333 stipator
1736 1277 1962 1320 Maximini

227 1342 298 1387 vit.
329 1341 460 1386 Gord.
482 1346 548 1394 14,
572 1346 600 1385 7
629 1341 796 1398 (epist).

141 1409 226 1453 325
256 1410 478 1466 Tyrannio
501 1412 653 1467 iunior,
678 1413 1000 1467 grammaticus,
1025 1413 1263 1470 discipulus
1280 1415 1573 1470 Tyrannionis
1595 1416 1778 1458 senioris
1801 1415 1975 1458 Suidas·

226 1493 259 1525 s.
289 1494 326 1525 v.
358 1480 610 1536 (discipulus
638 1480 799 1523 scilicet
834 1481 1120 1537 Tyrannionis
1158 1484 1268 1534 eius,
1309 1498 1430 1538 quem
1461 1488 1639 1538 praeter
1660 1484 1842 1528 Sm'dam
1873 1485 1900 1529 l.
1929 1499 1961 1527 e,

223 1553 460 1592 memorant
490 1548 635 1593 OEcero
666 1550 827 1594 Strabo
856 1554 915 1594 12
936 1565 985 1605 p.
1011 1553 1106 1602 518,
1138 1555 1192 1594 13
1212 1567 1262 1606 p.
1289 1555 1369 1595 609
1396 1552 1583 1608 aliique).
1625 1554 1695 1596 Ex
1726 1553 1963 1595 Phoenicia

226 1619 448 1674 oriundus,
472 1620 671 1676 captivus
692 1619 833 1662 factus
855 1619 968 1662 bello
991 1620 1172 1663 Antonii
1195 1628 1238 1663 et
1259 1621 1471 1677 Caesaris,
1503 1628 1674 1678 emptus
1696 1638 1722 1664 a
1742 1623 1963 1678 Dymante

225 1687 423 1731 Caesaris
444 1687 611 1744 liberto,
644 1688 699 1732 ab
722 1688 804 1732 hoc
826 1689 939 1732 dono
961 1689 1088 1732 datus
1110 1690 1341 1733 Terentiae
1365 1691 1600 1747 Ciceronis,
1633 1691 1688 1734 ab
1711 1691 1791 1734 hac
1811 1707 1960 1734 manu-

222 1758 392 1812 missus,
426 1757 574 1800 docuit
594 1759 757 1801 Romae
779 1758 941 1802 Suidas
960 1772 993 1802 8.
1015 1773 1051 1802 v.
1100 1759 1273 1816 Scripta
1304 1761 1396 1803 eius
1428 1767 1653 1803 enumerat
1673 1760 1837 1804 Suidas
1863 1762 1888 1806 l.
1912 1776 1959 1817 c.,

222 1828 359 1869 citant
387 1826 647 1870 Eustathius
678 1827 848 1882 aliique.

130 1893 220 1938 ‘326
250 1895 412 1952 Tyrius
454 1895 691 1953 Septimius
726 1896 911 1952 Azizus,
955 1899 1024 1939 vir
1064 1898 1406 1954 perfectissimus
1418 1932 1428 1953 ,
1476 1905 1650 1942 curator
1695 1898 1962 1955 reipublicae

221 1963 494 2007 Faliscorum
537 1966 803 2023 temporibus
835 1966 1025 2011 Gallieni
1056 1967 1138 2011 XI
1157 1971 1282 2011 3089.
1313 1971 1434 2011 3091.
1465 1972 1593 2013 3092.
1664 1968 1882 2012 oriundus
1912 1984 1962 2011 ex

222 2032 367 2088 Syria,
399 2037 448 2076 ut
459 2038 638 2089 praeter
657 2035 785 2079 Amisi
804 2049 1030 2091 coynomen
1051 2037 1230 2080 ostendit
1256 2038 1433 2093 Tyrium
1450 2038 1730 2093 yentz'licium‚
1753 2040 1807 2092 cf.
1829 2052 1968 2093 supra.

220 2102 296 2145 sub
327 2103 379 2147 L.
413 2102 625 2158 Septimia
655 2104 952 2147 Pataviniana
987 2105 1122 2161 Tym'a
1153 2106 1375 2161 Nepotilla
1404 2107 1745 2150 Odaenathiana.

145 2195 204 2201 —·
248 2178 293 2215 L.
326 2177 566 2214 SEPTIMIA
606 2179 959 2215 PATAVINIANA
999 2181 1254 2217 BALBILLA
1293 2181 1447 2217 TYRIA
1476 2181 1765 2218 NEPOTILLA
1799 2182 1955 2218 ODAE·

219 2246 502 2284 NATHIANA.

913 2561 996 2642 V
1045 2554 1173 2645 (U)

163 2725 184 2767 l
219 2731 259 2768 C.
290 2732 470 2770 VA....
516 2742 597 2771 rex
637 2744 882 2786 sacrorum,
929 2744 1071 2786 augur
1112 2730 1182 2774 VI
1202 2735 1331 2776 2123.
1404 2733 1530 2777 Uxor
1576 2734 1740 2777 Manlia
1785 2735 1956 2778 Fadilla

217 2793 275 2838 ib.
308 2794 364 2848 cf.
394 2798 525 2839 2124.

131 2886 189 2892 —-
220 2861 458 2917 [A]urelius
491 2864 560 2907 Va
578 2898 588 2908 .
607 2899 617 2908 .
637 2899 646 2908 .

131 2955 189 2961 —-
218 2931 423 2985 1(VLIVS)
451 2933 741 2989 A(VREL1VS)
774 2941 1041 2979 SEPTIMIVS
1072 2944 1442 2982 VABALLATHVS
1475 2947 1865 2985 ATHENODORVS.

160 3001 187 3042 2
217 2999 443 3054 Vagellius
474 3001 760 3058 declamator,
803 3003 930 3047 homo
961 3005 1117 3049 stultus
1150 3015 1198 3050 ut
1227 3008 1402 3051 videtur
1436 3011 1528 3063 (cor
1560 3010 1651 3051 eius
1687 3009 1950 3064 ‘mulinum')

218 3068 408 3111 Juvenal.
441 3073 506 3121 16,
531 3073 593 3114 23
633 3072 913 3127 (Mutinensis
954 3074 1116 3118 codices
1153 3077 1326 3132 aliquot,
1369 3078 1468 3119 item
1506 3077 1690 3127 scholia,
1734 3092 1784 3119 ex
1821 3078 1950 3120 inter-

212 3136 467 3191 polatione).
535 3139 657 3182 Idem
698 3147 747 3183 ut
785 3141 981 3197 videtur,
1025 3144 1128 3186 item
1170 3152 1218 3187 ut
1258 3145 1384 3187 homo
1426 3145 1626 3202 stupidus
1663 3148 1825 3199 (statua
1856 3147 1948 3188 eius

219 3211 307 3248 tam
336 3221 363 3248 a
392 3220 521 3249 sensu
552 3207 693 3250 aliena
722 3223 854 3266 quam
885 3210 1051 3266 effigies
1078 3212 1276 3268 deorum)
1307 3220 1573 3256 memoratur
1598 3214 1653 3257 ib.
1678 3217 1742 3264 13,
1770 3218 1862 3256 119.

159 3274 187 3316 3
216 3279 262 3317 L.
294 3280 577 3318 VAGELLIVS
608 3276 760 3319 consul
799 3278 894 3323 suff.
927 3294 1027 3322 cum
1059 3279 1138 3323 Cn.
1170 3282 1355 3324 Hosidio
1388 3282 1501 3324 Geta
1532 3288 1720 3324 exeunte
1751 3297 1861 3325 anno
1894 3284 1951 3325 44

216 3341 288 3385 vel
317 3343 373 3387 45
410 3343 480 3386 vel
519 3346 575 3388 46
604 3345 654 3388 X
679 3350 788 3389 1401
828 3347 882 3402 cf.
916 3348 1116 3393 Momms.
1157 3351 1212 3394 ib.
1245 3366 1294 3405 p.
1328 3354 1407 3394 159
1445 3354 1530 3394 not.
1562 3354 1601 3393 1.
1662 3351 1867 3394 Eiusdem
1901 3355 1949 3394 ut
