2242 3672
146 307 410 345 SEPTIMIVS
1013 301 1095 345 207
1698 305 1962 341 SEPTIMIVS

230 446 422 496 tempore
454 439 583 482 etiam
603 438 851 482 Antoninus
882 439 1123 497 appellatus
1153 440 1224 493 ib.,
1251 446 1315 483 ‘ut
1344 439 1520 496 quidam
1552 437 1744 482 tradunt’
1766 438 1838 482 vit.
1867 436 1962 480 Get.

229 511 269 560 5,
290 511 330 560 3,
365 515 431 552 ‘ut
459 507 656 566 plerique
684 508 726 550 in
758 507 923 551 litteras
955 509 1147 552 tradunt'
1176 510 1247 551 vit.
1272 509 1364 553 Sev.
1389 513 1451 560 16,
1473 513 1512 560 4,
1545 509 1600 563 cf.
1625 508 1696 553 vit.
1720 507 1814 551 Sev.
1836 510 1902 558 10,
1924 509 1963 557 5,

230 578 302 621 vit.
331 577 424 621 Get.
447 581 486 628 1,
508 580 557 628 6,·
582 576 680 620 inde
711 577 825 621 Geta
855 577 1100 620 Antoninus
1131 578 1195 621 vel
1223 578 1472 621 Antoninus
1504 578 1617 622 Geta
1645 578 1717 622 vit.
1748 575 1843 620 Get.
1863 579 1901 628 1,
1924 579 1963 618 1.

230 650 274 699 2,
297 651 329 691 2
358 649 398 689 et
417 649 648 701 praeterea
677 646 724 689 in
754 647 1028 701 inscriptione
1058 651 1097 690 et
1125 648 1432 703 subscriptione
1459 647 1513 702 cf.
1545 648 1618 690 vit.
1642 646 1832 689 Macrin.
1853 648 1893 696 3,
1924 649 1964 696 4,

233 715 444 759 Antonini
474 716 568 772 ipse
598 721 641 758 et
670 714 806 757 frater
833 715 905 757 vit.
939 715 1034 758 Sev.
1063 719 1134 767 23,
1161 719 1200 767 3,
1231 717 1303 761 vit.
1332 715 1485 760 Carae.
1507 718 1547 767 8,
1568 719 1607 770 3,
1639 716 1709 758 vit.
1740 714 1835 758 Get.
1856 718 1892 765 1,
1916 717 1942 757 6
1952 727 1965 766 ‚·

229 785 386 828 rectius
415 785 571 829 Getam
612 783 736 827 multi
767 783 1040 826 Antoninum
1079 791 1242 839 negant
1281 785 1447 828 dictum
1477 786 1548 828 vit.
1580 784 1715 830 Diad.
1747 788 1785 836 6,
1818 784 1876 839 9).
1907 809 1965 814 —

229 854 280 898 L.
303 853 417 910 (inde
438 854 492 897 ab
515 868 629 896 anno
642 856 728 897 205
749 853 811 907 Ρ.,
833 853 888 907 ef.
906 852 1055 908 supra)
1075 853 1310 910 Septimius
1328 854 1441 898 Geta
1457 854 1620 898 Caesar
1639 855 1812 905 nummi,
1836 853 1963 896 tituli.

317 922 482 979 Togam
513 922 684 965 virilem
714 923 897 979 sumpsit
928 921 1086 975 (eodem
1114 925 1162 965 ut
1190 923 1355 965 videtur
1385 938 1497 967 anno
1523 938 1603 978 quo
1633 924 1772 978 frater
1791 937 1966 966 uxorem

230 991 373 1043 duxit,
413 993 442 1035 i.
475 1007 508 1035 e.
542 1007 579 1034 a.
613 991 718 1046 202)
748 992 819 1036 vit.
854 991 948 1034 Sev.
980 995 1046 1042 14,
1078 994 1118 1034 8.
1181 991 1344 1035 Consul
1377 993 1466 1035 ord.
1498 1008 1535 1036 a.
1567 993 1650 1036 205
1692 1007 1790 1035 cum
1831 991 1965 1034 fratre

231 1062 388 1104 iterum
418 1061 537 1116 fasti.
595 1060 759 1104 Consul
788 1061 949 1104 iterum
980 1060 1071 1105 ord.
1103 1076 1141 1103 a.
1174 1061 1257 1103 208
1289 1076 1384 1104 cum
1417 1061 1550 1104 fratre
1581 1063 1757 1104 tertium
1787 1061 1905 1115 fasti.

316 1131 426 1187 Imp.
458 1130 507 1173 P.
530 1129 765 1187 Septimius
788 1129 901 1172 Geta
922 1129 1036 1184 Aug.
1058 1130 1183 1172 XIV
1195 1132 1324 1184 1982,
1357 1132 1460 1187 imp.
1493 1130 1616 1174 Caes
1649 1131 1699 1174 P.
1730 1130 1964 1187 Septimius

230 1199 344 1243 Geta
373 1199 478 1242 Pius
505 1199 731 1255 Augustus
751 1198 1001 1242 Brambach
1031 1202 1152 1254 1432,
1187 1200 1290 1255 imp.
1320 1199 1481 1241 Caesar
1503 1200 1551 1244 P.
1579 1200 1816 1256 Septimius
1838 1200 1963 1253 Geta,

228 1274 281 1312 tr.
313 1283 355 1325 p.
385 1269 430 1311 Π
462 1267 504 1311 V
525 1271 647 1319 4317,
679 1268 782 1325 imp.
816 1267 939 1311 Caes.
972 1267 1023 1310 P.
1055 1267 1293 1324 Septimius
1324 1267 1437 1310 Geta
1468 1269 1573 1311 Pius
1604 1268 1717 1324 Aug.
1747 1275 1799 1311 tr.
1831 1284 1872 1325 p.
1903 1269 1966 1311 vel

228 1343 281 1380 tr.
313 1353 353 1394 p.
384 1337 429 1380 II
458 1337 522 1380 vel
550 1337 619 1380 III
647 1337 711 1380 vel
741 1337 832 1379 IIII
862 1337 1026 1379 nummi
1054 1351 1122 1391 ap.
1154 1336 1316 1379 Echhel
1348 1340 1385 1387 7,
1417 1340 1505 1380 230
1534 1351 1616 1392 seq.
1685 1337 1850 1387 Getam,
1892 1339 1966 1391 qui

229 1420 374 1450 caesus
405 1420 490 1449 esse
522 1406 688 1449 videtur
717 1406 885 1449 ineunte
917 1420 1029 1448 anno
1061 1409 1165 1457 212,
1199 1407 1252 1460 cf.
1276 1406 1409 1461 infra,
1433 1407 1562 1461 patri
1592 1410 1631 1450 et
1659 1407 1795 1461 fratri
1824 1407 1964 1460 aequi-

224 1478 426 1531 peratum
456 1489 541 1518 esse
563 1490 675 1518 anno
697 1490 744 1530 p.
770 1474 874 1518 Chr.
897 1478 984 1518 209
1003 1474 1067 1517 vel
1097 1475 1280 1529 fortasse
1306 1489 1444 1518 mense
1464 1475 1567 1518 Dec.
1591 1490 1630 1517 a.
1653 1478 1752 1526 208,
1785 1478 1966 1530 apparet

229 1559 280 1588 ea
307 1545 491 1587 nummis
511 1545 586 1599 qui
605 1544 751 1587 docent
782 1545 835 1587 ab
868 1559 915 1587 eo
944 1547 1144 1599 quartum
1180 1558 1339 1587 annum
1371 1545 1625 1587 tribuniciae
1646 1545 1874 1599 potestatis
1902 1544 1967 1586 in-

230 1613 426 1657 choatum
466 1617 632 1656 tantum
670 1627 778 1665 6336,
822 1617 968 1656 extant
1007 1614 1118 1657 enim
1156 1614 1320 1656 nummi
1354 1628 1446 1656 cum
1487 1614 1721 1656 tribunicia
1755 1616 1967 1668 potestate

229 1683 319 1726 eius
348 1686 506 1737 quarta
527 1684 666 1738 pauci
687 1681 855 1735 (Oohen
877 1682 938 1726 ed.
960 1687 993 1726 2
1012 1683 1046 1726 I
1052 1682 1094 1726 V
1097 1697 1148 1737 p.
1169 1685 1255 1726 275
1285 1697 1326 1725 n.
1348 1686 1449 1734 204,
1477 1698 1521 1737 p.
1544 1685 1629 1726 276
1658 1697 1700 1725 n.
1722 1681 1840 1737 212),
1874 1696 1967 1724 cum

228 1753 378 1806 quinta
415 1751 546 1803 nulli,
588 1766 681 1795 eum
722 1752 851 1795 tertia
889 1751 1015 1795 multi
1053 1751 1217 1807 (Cohen
1248 1751 1275 1794 l.
1308 1766 1341 1795 c,
1366 1767 1413 1807 p.
1435 1755 1522 1795 258
1550 1766 1592 1794 n.
1623 1754 1800 1795 50-259
1829 1766 1871 1794 n.
1894 1755 1964 1802 62,

223 1835 273 1876 p.
304 1824 391 1865 269
429 1835 472 1863 n.
503 1824 709 1865 149-270
747 1835 789 1864 n.
820 1824 922 1872 155,
958 1836 1006 1876 p.
1040 1825 1126 1864 274
1155 1837 1197 1864 n.
1232 1822 1477 1877 197-203);
1517 1823 1572 1876 cf.
1604 1821 1767 1864 Eckhel
1795 1824 1836 1872 8,
1867 1824 1966 1864 427.

230 1889 352 1933 Certe
373 1904 457 1945 per
476 1893 650 1944 partem
671 1891 778 1933 anni
795 1893 884 1934 208
905 1891 1139 1933 tribunicia
1159 1894 1371 1945 potestate
1390 1891 1577 1933 nondum
1607 1905 1699 1933 eum
1725 1890 1968 1945 praeditum

226 1959 360 2013 fuisse
391 1958 570 2002 ostendit
601 1959 789 2014 diploma
817 1959 968 2002 militis
999 1974 1045 2002 eo
1076 1974 1188 2002 anno
1221 1959 1368 2002 datum
1399 1974 1427 2002 a
1457 1959 1559 2002 solis
1585 1959 1739 2003 Severo
1769 1962 1809 2002 et
1832 1958 1967 2001 Anto-

225 2028 329 2070 nino
359 2027 465 2083 (III
475 2043 525 2083 p.
540 2031 623 2071 890
645 2048 699 2062 ε
726 2027 921 2083 174055),
954 2029 1054 2071 item
1089 2028 1214 2071 VIII
1236 2028 1282 2072 S.
1315 2032 1471 2072 17727.
1534 2028 1772 2084 Augustus,
1807 2027 1969 2071 Caesar

226 2095 453 2151 Augustus
495 2096 653 2140 dicitur
693 2098 821 2140 etiam
875 2101 972 2140 ante
1023 2112 1182 2140 annum
1220 2100 1309 2140 208
1354 2099 1401 2140 in
1451 2098 1587 2140 titulis
1625 2097 1968 2152 provincialibus

229 2166 318 2208 III
331 2165 377 2209 S.
403 2169 524 2208 7604.
556 2166 680 2209 VIII
701 2170 738 2209 6.
771 2169 879 2210 9035
910 2170 996 2220 cet.‚
1029 2167 1128 2209 item
1159 2167 1204 2209 in
1226 2167 1409 2222 papyris
1429 2166 1705 2221 Aeyyptiacis
1741 2165 1969 2210 Urhunden

229 2248 307 2277 aus
338 2234 417 2277 den
446 2235 600 2290 ho'niyl.
635 2235 815 2277 Museen
844 2249 896 2278 eu
926 2234 1079 2277 Berlin
1109 2249 1150 2277 n.
1183 2238 1236 2278 45
1268 2235 1340 2290 (cf.
1375 2235 1504 2291 add).
1536 2238 1590 2278 63
1621 2233 1693 2289 (cf.
1726 2234 1854 2289 add).
1884 2237 1969 2277 216

229 2301 302 2358 (cf.
334 2303 451 2358 add).
481 2306 584 2348 220.
613 2306 706 2347 345.
738 2306 846 2354 382,
887 2303 962 2346 sed
992 2304 1054 2345 ita
1093 2307 1142 2345 ut
1167 2307 1297 2358 patre
1328 2307 1368 2346 et
1396 2305 1535 2358 fratre
1561 2304 1809 2358 inferiorem
1839 2304 1968 2357 fuisse

229 2372 452 2428 adpareat.
514 2372 667 2415 Etiam
706 2386 844 2416 mense
879 2373 979 2415 Ian.
1010 2376 1096 2416 209
1127 2387 1212 2415 non
1235 2373 1361 2428 plene
1392 2374 1694 2428 aequiperatur
1725 2387 1817 2415 cum
1838 2376 1968 2427 patre

228 2444 268 2484 et
302 2442 442 2495 fratre
473 2442 519 2483 in
551 2456 723 2497 papyro
765 2441 1033 2496 Aeyyptiaca
1073 2441 1300 2485 Urhunden
1340 2455 1419 2484 aus
1464 2442 1544 2484 den
1587 2441 1742 2497 ho'niyl.
1789 2441 1969 2484 Museen

226 2524 279 2554 zu
308 2510 461 2553 Berlin
489 2525 531 2553 n.
553 2514 597 2554 2.
655 2510 883 2553 Decretum
913 2510 1250 2562 Atheniensium,
1283 2525 1375 2553 cum
1403 2511 1647 2554 nuntiatum
1678 2514 1783 2553 esset
1815 2510 1968 2554 Getam

229 2593 257 2622 a
295 2579 449 2623 Severo
492 2582 531 2621 et
567 2578 801 2622 Caracalla
846 2579 1114 2634 adsumptum
1158 2593 1245 2622 esse
1285 2580 1400 2637 [πρὸς
1438 2582 1508 2637 τὴν
1550 2580 1632 2637 τῆς]
1680 2581 1967 2637 αὐτοκράτορος

229 2649 357 2706 ἀρχῆς
397 2649 622 2706 ἰσηγορίαν,
660 2647 815 2691 CIAtt.
846 2652 900 2690 10
939 2649 1166 2704 (decretum
1209 2650 1372 2703 factum
1412 2650 1567 2692 mensis
1606 2649 1856 2692 Posideonis
1902 2648 1969 2691 die

227 2720 276 2759 ut
315 2716 480 2759 videtur
526 2717 759 2768 tricesimo,
799 2718 874 2771 qui
914 2717 1023 2768 dies,
1066 2718 1106 2759 si
1141 2717 1246 2773 sides
1283 2718 1520 2760 Plutarcho
1556 2717 1675 2762 Caes.
1707 2721 1774 2768 37,
1816 2716 1969 2759 incidit

227 2786 274 2829 in
302 2798 482 2828 mensem
511 2786 788 2836 Ianuarium,
822 2800 901 2839 quo
931 2799 1034 2828 sane
1055 2789 1198 2841 potest
1226 2787 1422 2830 Athenas
1444 2788 1686 2841 pervenisse
1714 2786 1890 2829 nuntius
1919 2785 1968 2828 de

230 2854 462 2897 tribunicia
491 2857 703 2909 potestate
744 2854 782 2897 d.
812 2858 866 2896 10
886 2855 1058 2899 .mensis
1096 2854 1201 2898 Dec.
1243 2857 1316 2910 qui
1346 2856 1631 2910 praecedebat
1674 2870 1701 2898 a
1739 2854 1851 2898 Geta
1893 2853 1967 2896 ad-

229 2926 421 2978 suanpta,·
461 2926 641 2965 ceterum
684 2923 793 2965 diem
824 2924 1058 2978 prytaniae
1099 2928 1138 2967 et
1178 2924 1287 2967 diem
1326 2926 1480 2967 mensis
1520 2924 1620 2967 huic
1651 2924 1813 2967 decreto
1835 2937 1967 2978 prae-

229 2992 409 3046 scriptos
454 2991 668 3045 quadrare
713 2995 877 3034 tantum
921 2993 967 3035 in
1012 3007 1171 3036 annum
1214 2993 1514 3036 Atheniensem
1550 2996 1752 3043 209l210,
1798 3006 1883 3034 non
1923 2992 1968 3033 in

230 3074 389 3102 annum
403 3060 606 3111 2081'209,
631 3060 843 3103 contendit
853 3060 939 3104 Ad.
953 3061 1146 3104 Schmidt
1161 3062 1335 3105 Handb.
1355 3063 1393 3107 d.
1413 3077 1478 3118 qr.
1500 3062 1782 3116 Chronoloyie
1791 3076 1837 3116 p.
1853 3060 1966 3114 742).

229 3128 271 3171 A
300 3135 423 3185 patre
452 3130 662 3171 moriente
694 3129 753 3184 (d.
789 3131 827 3174 4.
859 3129 991 3172 Febr.
1021 3131 1122 3185 211)
1154 3133 1249 3187 pari
1280 3133 1461 3187 imperio
1494 3146 1592 3173 eum
1623 3131 1758 3173 fratre
1791 3129 1966 3172 relictus

229 3198 301 3242 vit.
324 3197 418 3241 Sev.
440 3201 512 3249 20,
535 3201 560 3240 1
591 3198 645 3252 cf.
667 3201 738 3249 23,
761 3201 798 3249 6,
830 3199 900 3241 vit.
931 3198 1083 3242 Carae.
1106 3203 1148 3250 2,
1174 3203 1210 3250 7,
1251 3200 1384 3243 Getae
1405 3204 1443 3251 6,
1465 3204 1504 3251 1,
1536 3216 1561 3242 a
1591 3207 1714 3257 patre
1745 3213 1968 3241 successor

232 3267 404 3323 imperii
436 3282 523 3309 una
552 3281 651 3310 cum
682 3266 816 3309 fratre
848 3267 1022 3311 relictus
1051 3268 1232 3324 Eutrop.
1258 3272 1299 3320 8,
1320 3273 1386 3320 19,
1420 3270 1576 3312 Zosim.
1605 3273 1644 3319 1,
1666 3271 1703 3312 9.
1747 3267 1788 3310 Α
1818 3266 1965 3321 fratre,

233 3337 307 3391 qui
339 3335 378 3377 ei
408 3334 588 3377 insidias
614 3335 857 3378 tetenderat
884 3337 971 3378 iam
993 3336 1297 3380 Saturnalibus
1320 3339 1374 3391 (a.
1398 3339 1500 3391 211)
1522 3336 1610 3379 Dio
1632 3340 1698 3387 77,
1723 3339 1766 3390 2,
1800 3335 1967 3378 occisus

232 3403 278 3444 in
307 3402 475 3446 Palatio
508 3403 578 3454 ib.,
617 3404 687 3446 vit.
719 3402 873 3449 Carae.
904 3407 946 3455 2,
980 3408 1028 3455 4,
1063 3404 1299 3448 Herodian.
1330 3410 1369 3458 4,
1401 3410 1449 3457 4,
1490 3406 1647 3449 Zosim.
1679 3408 1716 3455 1,
1750 3407 1789 3455 9,
1833 3403 1965 3446 hostis
