<?xml version="1.0" encoding="UTF-8"?>
<!DOCTYPE html PUBLIC "-//W3C//DTD XHTML 1.0 Transitional//EN"
    "http://www.w3.org/TR/xhtml1/DTD/xhtml1-transitional.dtd">
<html xmlns="http://www.w3.org/1999/xhtml" xml:lang="en" lang="en">
 <head>
  <title>
</title>
<meta http-equiv="Content-Type" content="text/html;charset=utf-8" />
  <meta name='ocr-system' content='tesseract 3.04.00' />
  <meta name='ocr-capabilities' content='ocr_page ocr_carea ocr_par ocr_line ocrx_word'/>
</head>
<body>
  <div class='ocr_page' id='page_1' title='image "./prosopographiaim03akaduoft_0096.png"; bbox 0 0 2242 3672; ppageno 0'>
   <div class='ocr_carea' id='block_1_1' title="bbox 278 249 2102 335">
    <p class='ocr_par' dir='ltr' id='par_1_1' title="bbox 278 249 2102 335">
     <span class='ocr_line' id='line_1_1' title="bbox 281 249 2102 300; baseline -0.006 0"><span class='ocrx_word' id='word_1_1' title='bbox 281 263 492 300; x_wconf 87' lang='lat' dir='ltr'><em>PONTIVS</em></span> <span class='ocrx_word' id='word_1_2' title='bbox 1161 249 1217 291; x_wconf 89' lang='grc'><em>84</em></span> <span class='ocrx_word' id='word_1_3' title='bbox 1879 250 2102 289; x_wconf 85' lang='lat' dir='ltr'><em>PONTIVS.</em></span> 
     </span>
     <span class='ocr_line' id='line_1_2' title="bbox 278 315 2092 335; baseline -0.006 1"><span class='ocrx_word' id='word_1_4' title='bbox 278 315 2092 335; x_wconf 75' lang='lat'><em>——-.———....-..----—-——--—-——-———</em></span> 
     </span>
    </p>
   </div>
   <div class='ocr_carea' id='block_1_2' title="bbox 282 381 2242 1264">
    <p class='ocr_par' dir='ltr' id='par_1_2' title="bbox 364 381 2099 518">
     <span class='ocr_line' id='line_1_3' title="bbox 364 381 2099 447; baseline -0.006 -11"><span class='ocrx_word' id='word_1_5' title='bbox 364 394 438 438; x_wconf 66' lang='lat' dir='ltr'><em>Eae</em></span> <span class='ocrx_word' id='word_1_6' title='bbox 477 391 662 447; x_wconf 74' lang='lat' dir='ltr'><em>posteris</em></span> <span class='ocrx_word' id='word_1_7' title='bbox 703 390 791 433; x_wconf 87' lang='lat' dir='ltr'><em>eius</em></span> <span class='ocrx_word' id='word_1_8' title='bbox 832 391 972 444; x_wconf 87' lang='lat' dir='ltr'><em>potest</em></span> <span class='ocrx_word' id='word_1_9' title='bbox 1019 400 1104 430; x_wconf 85' lang='lat' dir='ltr'><em>esse</em></span> <span class='ocrx_word' id='word_1_10' title='bbox 1146 385 1369 440; x_wconf 88' lang='lat' dir='ltr'><em>Meropius</em></span> <span class='ocrx_word' id='word_1_11' title='bbox 1413 383 1595 425; x_wconf 87' lang='lat' dir='ltr'><em>Pontius</em></span> <span class='ocrx_word' id='word_1_12' title='bbox 1639 381 1823 425; x_wconf 79' lang='lat' dir='ltr'><strong>Anicius</strong></span> <span class='ocrx_word' id='word_1_13' title='bbox 1868 381 2099 439; x_wconf 67' lang='lat' dir='ltr'><em>Paulinus,-</em></span> 
     </span>
     <span class='ocr_line' id='line_1_4' title="bbox 367 454 1515 518; baseline -0.01 -14"><span class='ocrx_word' id='word_1_14' title='bbox 367 463 591 518; x_wconf 89' lang='lat' dir='ltr'><em>episcopus</em></span> <span class='ocrx_word' id='word_1_15' title='bbox 620 458 813 500; x_wconf 90' lang='lat' dir='ltr'><em>Nolanus</em></span> <span class='ocrx_word' id='word_1_16' title='bbox 844 457 900 511; x_wconf 89' lang='lat' dir='ltr'><em>(a.</em></span> <span class='ocrx_word' id='word_1_17' title='bbox 922 454 1179 509; x_wconf 86' lang='lat'>409—431).</span> <span class='ocrx_word' id='word_1_18' title='bbox 1514 506 1515 509; x_wconf 11' lang='grc' dir='ltr'><strong>Ἴ</strong></span> 
     </span>
    </p>

    <p class='ocr_par' dir='ltr' id='par_1_3' title="bbox 282 518 2242 1264">
     <span class='ocr_line' id='line_1_5' title="bbox 282 518 2094 581; baseline -0.007 -8"><span class='ocrx_word' id='word_1_19' title='bbox 282 531 364 574; x_wconf 88' lang='grc'><em>607</em></span> <span class='ocrx_word' id='word_1_20' title='bbox 397 530 575 572; x_wconf 88' lang='lat' dir='ltr'><em>Pontius</em></span> <span class='ocrx_word' id='word_1_21' title='bbox 618 526 782 569; x_wconf 83' lang='lat' dir='ltr'>Pilatus</span> <span class='ocrx_word' id='word_1_22' title='bbox 820 525 895 581; x_wconf 58' lang='lat' dir='ltr'><em>(sie</em></span> <span class='ocrx_word' id='word_1_23' title='bbox 932 524 1123 573; x_wconf 75' lang='lat' dir='ltr'><em>Tacitus,</em></span> <span class='ocrx_word' id='word_1_24' title='bbox 1164 520 1389 576; x_wconf 75' lang='lat' dir='ltr'><em>Iosephus,</em></span> <span class='ocrx_word' id='word_1_25' title='bbox 1432 520 1512 562; x_wconf 84' lang='lat' dir='ltr'><em>alii</em></span> <span class='ocrx_word' id='word_1_26' title='bbox 1520 533 1533 571; x_wconf 90' lang='lat'><em>,·</em></span> <span class='ocrx_word' id='word_1_27' title='bbox 1573 519 1739 562; x_wconf 82' lang='lat' dir='ltr'><strong>Pilatus</strong></span> <span class='ocrx_word' id='word_1_28' title='bbox 1771 518 1966 574; x_wconf 83' lang='lat' dir='ltr'><em>passim),</em></span> <span class='ocrx_word' id='word_1_29' title='bbox 1997 534 2094 577; x_wconf 82' lang='lat' dir='ltr'><em>pro-</em></span> 
     </span>
     <span class='ocr_line' id='line_1_6' title="bbox 368 586 2242 652; baseline -0.005 -13"><span class='ocrx_word' id='word_1_30' title='bbox 368 603 540 640; x_wconf 85' lang='lat' dir='ltr'><em>curator</em></span> <span class='ocrx_word' id='word_1_31' title='bbox 561 594 811 652; x_wconf 88' lang='lat' dir='ltr'><em>provinciae</em></span> <span class='ocrx_word' id='word_1_32' title='bbox 831 592 1026 636; x_wconf 86' lang='lat' dir='ltr'><em>Judaeae</em></span> <span class='ocrx_word' id='word_1_33' title='bbox 1048 590 1225 633; x_wconf 88' lang='lat' dir='ltr'><em>Tiberio</em></span> <span class='ocrx_word' id='word_1_34' title='bbox 1251 590 1491 645; x_wconf 82' lang='lat' dir='ltr'>imperante</span> <span class='ocrx_word' id='word_1_35' title='bbox 1510 587 1641 630; x_wconf 89' lang='lat' dir='ltr'><em>Philo</em></span> <span class='ocrx_word' id='word_1_36' title='bbox 1673 588 1826 643; x_wconf 76' lang='lat' dir='ltr'><em>leyatio</em></span> <span class='ocrx_word' id='word_1_37' title='bbox 1857 587 1916 630; x_wconf 82' lang='lat' dir='ltr'><em>ad</em></span> <span class='ocrx_word' id='word_1_38' title='bbox 1935 586 2096 644; x_wconf 76' lang='lat' dir='ltr'><em>Gaium</em></span> <span class='ocrx_word' id='word_1_39' title='bbox 2215 610 2242 650; x_wconf 34' lang='lat'><em>553.</em></span> 
     </span>
     <span class='ocr_line' id='line_1_7' title="bbox 367 656 2154 721; baseline -0.006 -11"><span class='ocrx_word' id='word_1_40' title='bbox 367 682 414 721; x_wconf 90' lang='lat' dir='ltr'><em>p.</em></span> <span class='ocrx_word' id='word_1_41' title='bbox 436 667 518 707; x_wconf 87' lang='lat'><em>589</em></span> <span class='ocrx_word' id='word_1_42' title='bbox 547 677 655 717; x_wconf 77' lang='lat' dir='ltr'><em>scq.;</em></span> <span class='ocrx_word' id='word_1_43' title='bbox 689 662 787 705; x_wconf 91' lang='lat' dir='ltr'><em>Tac.</em></span> <span class='ocrx_word' id='word_1_44' title='bbox 821 675 859 705; x_wconf 90' lang='lat' dir='ltr'><em>a.</em></span> <span class='ocrx_word' id='word_1_45' title='bbox 891 663 956 711; x_wconf 93' lang='lat'><em>15,</em></span> <span class='ocrx_word' id='word_1_46' title='bbox 980 663 1056 711; x_wconf 77' lang='lat'><strong><em>44,·</em></strong></span> <span class='ocrx_word' id='word_1_47' title='bbox 1086 658 1251 713; x_wconf 83' lang='lat' dir='ltr'><em>Ioseph.</em></span> <span class='ocrx_word' id='word_1_48' title='bbox 1284 661 1371 700; x_wconf 89' lang='lat' dir='ltr'><em>ant.</em></span> <span class='ocrx_word' id='word_1_49' title='bbox 1402 657 1500 699; x_wconf 76' lang='lat' dir='ltr'><em>Iucl.</em></span> <span class='ocrx_word' id='word_1_50' title='bbox 1532 659 1599 708; x_wconf 87' lang='lat'><strong><em>18,</em></strong></span> <span class='ocrx_word' id='word_1_51' title='bbox 1626 660 1669 707; x_wconf 91' lang='grc'><em>2,</em></span> <span class='ocrx_word' id='word_1_52' title='bbox 1691 660 1746 708; x_wconf 88' lang='grc'><em>2,·</em></span> <span class='ocrx_word' id='word_1_53' title='bbox 1774 659 1842 708; x_wconf 93' lang='grc'><em>18,</em></span> <span class='ocrx_word' id='word_1_54' title='bbox 1863 660 1901 708; x_wconf 93' lang='grc'><em>6,</em></span> <span class='ocrx_word' id='word_1_55' title='bbox 1923 658 1973 708; x_wconf 85' lang='grc'><em>5,·</em></span> <span class='ocrx_word' id='word_1_56' title='bbox 2000 656 2095 700; x_wconf 82' lang='lat' dir='ltr'><em>bell.</em></span> <span class='ocrx_word' id='word_1_57' title='bbox 2150 667 2154 670; x_wconf 87' lang='grc'><em>·</em></span> 
     </span>
     <span class='ocr_line' id='line_1_8' title="bbox 363 724 2242 785; baseline -0.004 -10"><span class='ocrx_word' id='word_1_58' title='bbox 363 733 459 776; x_wconf 80' lang='lat' dir='ltr'><em>Iud.</em></span> <span class='ocrx_word' id='word_1_59' title='bbox 482 736 526 782; x_wconf 89' lang='grc'><em>2,</em></span> <span class='ocrx_word' id='word_1_60' title='bbox 548 736 587 782; x_wconf 94' lang='grc'><em>9,</em></span> <span class='ocrx_word' id='word_1_61' title='bbox 609 735 662 782; x_wconf 89' lang='grc'><em>2;</em></span> <span class='ocrx_word' id='word_1_62' title='bbox 696 730 813 774; x_wconf 83' lang='lat' dir='ltr'><em>alibi.</em></span> <span class='ocrx_word' id='word_1_63' title='bbox 872 729 979 772; x_wconf 85' lang='grc' dir='ltr'>Δέκα</span> <span class='ocrx_word' id='word_1_64' title='bbox 1010 727 1134 771; x_wconf 85' lang='grc' dir='ltr'>ἔτεσιν</span> <span class='ocrx_word' id='word_1_65' title='bbox 1166 728 1369 785; x_wconf 83' lang='grc' dir='ltr'>διατρίψας</span> <span class='ocrx_word' id='word_1_66' title='bbox 1399 727 1462 769; x_wconf 83' lang='grc' dir='ltr'><em>ἐπὶ</em></span> <span class='ocrx_word' id='word_1_67' title='bbox 1493 724 1686 772; x_wconf 79' lang='grc' dir='ltr'>Ἰουδαίας</span> <span class='ocrx_word' id='word_1_68' title='bbox 1714 727 1768 772; x_wconf 85' lang='grc' dir='ltr'><em>εἰς</em></span> <span class='ocrx_word' id='word_1_69' title='bbox 1797 724 1961 783; x_wconf 83' lang='grc' dir='ltr'><strong>Ῥώμην</strong></span> <span class='ocrx_word' id='word_1_70' title='bbox 1988 725 2096 783; x_wconf 78' lang='grc' dir='ltr'>ἠπεί·</span> <span class='ocrx_word' id='word_1_71' title='bbox 2231 731 2242 753; x_wconf 54' lang='lat'><em>³</em></span> 
     </span>
     <span class='ocr_line' id='line_1_9' title="bbox 366 793 2095 857; baseline -0.004 -14"><span class='ocrx_word' id='word_1_72' title='bbox 366 817 456 857; x_wconf 84' lang='grc' dir='ltr'>γετο</span> <span class='ocrx_word' id='word_1_73' title='bbox 487 799 664 853; x_wconf 85' lang='lat' dir='ltr'><em>(scilicet</em></span> <span class='ocrx_word' id='word_1_74' title='bbox 693 813 792 840; x_wconf 90' lang='lat' dir='ltr'><em>reus</em></span> <span class='ocrx_word' id='word_1_75' title='bbox 824 813 851 840; x_wconf 91' lang='lat' dir='ltr'><em>a</em></span> <span class='ocrx_word' id='word_1_76' title='bbox 879 795 1055 840; x_wconf 89' lang='lat' dir='ltr'><em>Vitellio</em></span> <span class='ocrx_word' id='word_1_77' title='bbox 1086 795 1228 851; x_wconf 86' lang='lat' dir='ltr'><em>legato</em></span> <span class='ocrx_word' id='word_1_78' title='bbox 1259 795 1415 851; x_wconf 83' lang='lat' dir='ltr'><strong>Syriae</strong></span> <span class='ocrx_word' id='word_1_79' title='bbox 1443 795 1625 837; x_wconf 83' lang='lat' dir='ltr'>Romam</span> <span class='ocrx_word' id='word_1_80' title='bbox 1654 793 1841 849; x_wconf 82' lang='lat' dir='ltr'><em>missus),</em></span> <span class='ocrx_word' id='word_1_81' title='bbox 1877 794 1974 851; x_wconf 82' lang='grc' dir='ltr'>πρὶν,</span> <span class='ocrx_word' id='word_1_82' title='bbox 1995 794 2040 836; x_wconf 84' lang='grc' dir='ltr'><em>δὲ</em></span> <span class='ocrx_word' id='word_1_83' title='bbox 2068 793 2095 851; x_wconf 83' lang='grc' dir='ltr'><strong>ἦ</strong></span> 
     </span>
     <span class='ocr_line' id='line_1_10' title="bbox 365 861 2094 925; baseline -0.004 -14"><span class='ocrx_word' id='word_1_84' title='bbox 365 873 418 925; x_wconf 81' lang='grc' dir='ltr'><em>τῇ</em></span> <span class='ocrx_word' id='word_1_85' title='bbox 454 867 597 924; x_wconf 83' lang='grc' dir='ltr'>Ῥώμῃ</span> <span class='ocrx_word' id='word_1_86' title='bbox 637 869 847 924; x_wconf 83' lang='grc' dir='ltr'>προσσχεῖν</span> <span class='ocrx_word' id='word_1_87' title='bbox 885 866 1001 908; x_wconf 84' lang='grc' dir='ltr'>αὐτὸν</span> <span class='ocrx_word' id='word_1_88' title='bbox 1023 862 1186 922; x_wconf 59' lang='grc' dir='ltr'>’φθάνει</span> <span class='ocrx_word' id='word_1_89' title='bbox 1221 863 1399 923; x_wconf 82' lang='grc' dir='ltr'>Τιβέριος</span> <span class='ocrx_word' id='word_1_90' title='bbox 1439 864 1634 920; x_wconf 82' lang='grc' dir='ltr'>μεταστάς</span> <span class='ocrx_word' id='word_1_91' title='bbox 1674 862 1732 918; x_wconf 86' lang='lat' dir='ltr'><em>(a.</em></span> <span class='ocrx_word' id='word_1_92' title='bbox 1765 862 1804 905; x_wconf 81' lang='lat' dir='ltr'><em>cl.</em></span> <span class='ocrx_word' id='word_1_93' title='bbox 1834 862 1988 906; x_wconf 85' lang='lat' dir='ltr'><strong><em>XVII</em></strong></span> <span class='ocrx_word' id='word_1_94' title='bbox 2009 861 2094 907; x_wconf 81' lang='lat' dir='ltr'><em>kal.</em></span> 
     </span>
     <span class='ocr_line' id='line_1_11' title="bbox 365 931 2098 991; baseline -0.002 -13"><span class='ocrx_word' id='word_1_95' title='bbox 365 936 473 991; x_wconf 79' lang='lat' dir='ltr'><em>Apr.</em></span> <span class='ocrx_word' id='word_1_96' title='bbox 509 950 548 978; x_wconf 90' lang='lat' dir='ltr'><em>a.</em></span> <span class='ocrx_word' id='word_1_97' title='bbox 570 935 640 989; x_wconf 84' lang='lat'><em>37)</em></span> <span class='ocrx_word' id='word_1_98' title='bbox 671 934 836 989; x_wconf 88' lang='lat' dir='ltr'><em>Ioseph.</em></span> <span class='ocrx_word' id='word_1_99' title='bbox 867 937 954 976; x_wconf 90' lang='lat' dir='ltr'><em>ant.</em></span> <span class='ocrx_word' id='word_1_100' title='bbox 977 933 1074 976; x_wconf 76' lang='lat' dir='ltr'><em>Iucl.</em></span> <span class='ocrx_word' id='word_1_101' title='bbox 1095 936 1162 984; x_wconf 92' lang='lat'><strong><em>18,</em></strong></span> <span class='ocrx_word' id='word_1_102' title='bbox 1185 936 1224 983; x_wconf 89' lang='grc'><em>4,</em></span> <span class='ocrx_word' id='word_1_103' title='bbox 1246 936 1300 984; x_wconf 90' lang='grc'><em>2,·</em></span> <span class='ocrx_word' id='word_1_104' title='bbox 1331 933 1472 986; x_wconf 80' lang='lat' dir='ltr'><em>itaque</em></span> <span class='ocrx_word' id='word_1_105' title='bbox 1503 946 1543 974; x_wconf 89' lang='lat' dir='ltr'><em>a.</em></span> <span class='ocrx_word' id='word_1_106' title='bbox 1565 935 1735 975; x_wconf 86' lang='grc'><em>26-36</em></span> <span class='ocrx_word' id='word_1_107' title='bbox 1754 931 1944 975; x_wconf 77' lang='lat' dir='ltr'><strong><em>Iudaeae</em></strong></span> <span class='ocrx_word' id='word_1_108' title='bbox 1971 945 2098 986; x_wconf 83' lang='lat' dir='ltr'><em>prae-</em></span> 
     </span>
     <span class='ocr_line' id='line_1_12' title="bbox 365 1000 2099 1058; baseline -0.002 -11"><span class='ocrx_word' id='word_1_109' title='bbox 365 1005 461 1058; x_wconf 80' lang='lat' dir='ltr'><em>fuit.</em></span> <span class='ocrx_word' id='word_1_110' title='bbox 511 1003 580 1046; x_wconf 90' lang='lat' dir='ltr'><em>De</em></span> <span class='ocrx_word' id='word_1_111' title='bbox 608 1004 735 1046; x_wconf 85' lang='lat' dir='ltr'><em>rebus</em></span> <span class='ocrx_word' id='word_1_112' title='bbox 766 1003 819 1045; x_wconf 84' lang='lat' dir='ltr'><em>ab</em></span> <span class='ocrx_word' id='word_1_113' title='bbox 852 1017 898 1045; x_wconf 92' lang='lat' dir='ltr'><em>eo</em></span> <span class='ocrx_word' id='word_1_114' title='bbox 927 1002 974 1044; x_wconf 90' lang='lat' dir='ltr'><em>in</em></span> <span class='ocrx_word' id='word_1_115' title='bbox 993 1001 1160 1044; x_wconf 82' lang='lat' dir='ltr'><em>Iudaea</em></span> <span class='ocrx_word' id='word_1_116' title='bbox 1177 1001 1307 1056; x_wconf 75' lang='lat' dir='ltr'><em>yestis</em></span> <span class='ocrx_word' id='word_1_117' title='bbox 1336 1002 1391 1055; x_wconf 82' lang='lat' dir='ltr'><em>cf.</em></span> <span class='ocrx_word' id='word_1_118' title='bbox 1413 1000 1580 1055; x_wconf 83' lang='lat' dir='ltr'><em>Ioseph.</em></span> <span class='ocrx_word' id='word_1_119' title='bbox 1603 1003 1689 1043; x_wconf 87' lang='lat' dir='ltr'><em>ant.</em></span> <span class='ocrx_word' id='word_1_120' title='bbox 1712 1000 1810 1043; x_wconf 84' lang='lat' dir='ltr'><em>Iud.</em></span> <span class='ocrx_word' id='word_1_121' title='bbox 1836 1002 1903 1051; x_wconf 88' lang='grc'><em>18,</em></span> <span class='ocrx_word' id='word_1_122' title='bbox 1923 1003 1963 1051; x_wconf 88' lang='lat'><em>3,</em></span> <span class='ocrx_word' id='word_1_123' title='bbox 1981 1003 2099 1052; x_wconf 84' lang='grc'><em>1-2;</em></span> 
     </span>
     <span class='ocr_line' id='line_1_13' title="bbox 365 1067 2098 1124; baseline -0.002 -9"><span class='ocrx_word' id='word_1_124' title='bbox 365 1076 431 1123; x_wconf 91' lang='lat'><em>18,</em></span> <span class='ocrx_word' id='word_1_125' title='bbox 453 1076 492 1123; x_wconf 85' lang='grc'><em>4,</em></span> <span class='ocrx_word' id='word_1_126' title='bbox 513 1076 628 1124; x_wconf 74' lang='grc'><em>1-2,·</em></span> <span class='ocrx_word' id='word_1_127' title='bbox 659 1071 752 1116; x_wconf 84' lang='lat' dir='ltr'><em>bell.</em></span> <span class='ocrx_word' id='word_1_128' title='bbox 783 1071 882 1114; x_wconf 81' lang='lat' dir='ltr'><em>Iuol.</em></span> <span class='ocrx_word' id='word_1_129' title='bbox 913 1075 957 1121; x_wconf 89' lang='grc'><em>2,</em></span> <span class='ocrx_word' id='word_1_130' title='bbox 980 1074 1017 1121; x_wconf 88' lang='lat'><em>9,</em></span> <span class='ocrx_word' id='word_1_131' title='bbox 1040 1074 1132 1114; x_wconf 90' lang='grc'><em>2-4</em></span> <span class='ocrx_word' id='word_1_132' title='bbox 1142 1084 1155 1122; x_wconf 89' lang='grc'><strong><em>;</em></strong></span> <span class='ocrx_word' id='word_1_133' title='bbox 1185 1069 1318 1112; x_wconf 86' lang='lat' dir='ltr'><em>Philo</em></span> <span class='ocrx_word' id='word_1_134' title='bbox 1346 1069 1424 1124; x_wconf 68' lang='lat' dir='ltr'><em>leq.</em></span> <span class='ocrx_word' id='word_1_135' title='bbox 1456 1069 1514 1111; x_wconf 81' lang='lat' dir='ltr'><em>ad</em></span> <span class='ocrx_word' id='word_1_136' title='bbox 1540 1068 1699 1112; x_wconf 80' lang='lat' dir='ltr'><em>Gaium</em></span> <span class='ocrx_word' id='word_1_137' title='bbox 1716 1083 1765 1123; x_wconf 89' lang='lat' dir='ltr'><em>p.</em></span> <span class='ocrx_word' id='word_1_138' title='bbox 1786 1070 1868 1112; x_wconf 88' lang='grc'><em>589</em></span> <span class='ocrx_word' id='word_1_139' title='bbox 1887 1082 1972 1124; x_wconf 76' lang='lat' dir='ltr'><em>seq.</em></span> <span class='ocrx_word' id='word_1_140' title='bbox 2028 1067 2098 1112; x_wconf 90' lang='lat' dir='ltr'><em>De</em></span> 
     </span>
     <span class='ocr_line' id='line_1_14' title="bbox 365 1136 2099 1194; baseline -0.002 -11"><span class='ocrx_word' id='word_1_141' title='bbox 365 1141 551 1183; x_wconf 83' lang='lat' dir='ltr'><em>moribus</em></span> <span class='ocrx_word' id='word_1_142' title='bbox 572 1141 661 1183; x_wconf 86' lang='lat' dir='ltr'><em>cius</em></span> <span class='ocrx_word' id='word_1_143' title='bbox 682 1139 814 1182; x_wconf 88' lang='lat' dir='ltr'><em>Philo</em></span> <span class='ocrx_word' id='word_1_144' title='bbox 836 1139 913 1194; x_wconf 78' lang='lat' dir='ltr'><em>ley.</em></span> <span class='ocrx_word' id='word_1_145' title='bbox 937 1139 995 1181; x_wconf 82' lang='lat' dir='ltr'><em>ad</em></span> <span class='ocrx_word' id='word_1_146' title='bbox 1020 1138 1180 1182; x_wconf 82' lang='lat' dir='ltr'><em>Gaium</em></span> <span class='ocrx_word' id='word_1_147' title='bbox 1201 1152 1249 1193; x_wconf 90' lang='lat' dir='ltr'><em>p.</em></span> <span class='ocrx_word' id='word_1_148' title='bbox 1270 1140 1366 1181; x_wconf 87' lang='lat'><em>590.</em></span> <span class='ocrx_word' id='word_1_149' title='bbox 1423 1137 1578 1180; x_wconf 84' lang='lat' dir='ltr'><em>Varias</em></span> <span class='ocrx_word' id='word_1_150' title='bbox 1599 1137 1648 1180; x_wconf 84' lang='lat' dir='ltr'><em>de</em></span> <span class='ocrx_word' id='word_1_151' title='bbox 1671 1138 1786 1180; x_wconf 76' lang='lat' dir='ltr'><em>exitu</em></span> <span class='ocrx_word' id='word_1_152' title='bbox 1805 1137 1895 1180; x_wconf 83' lang='lat' dir='ltr'><em>eius</em></span> <span class='ocrx_word' id='word_1_153' title='bbox 1923 1136 2099 1191; x_wconf 82' lang='lat' dir='ltr'><em>fabulas</em></span> 
     </span>
     <span class='ocr_line' id='line_1_15' title="bbox 366 1204 2096 1264; baseline -0.002 -12"><span class='ocrx_word' id='word_1_154' title='bbox 366 1212 658 1264; x_wconf 76' lang='lat' dir='ltr'><em>eonyesserunt</em></span> <span class='ocrx_word' id='word_1_155' title='bbox 680 1208 866 1252; x_wconf 76' lang='lat' dir='ltr'><em>Schurer</em></span> <span class='ocrx_word' id='word_1_156' title='bbox 893 1206 1041 1251; x_wconf 75' lang='lat' dir='ltr'><em>Gesch.</em></span> <span class='ocrx_word' id='word_1_157' title='bbox 1063 1207 1102 1249; x_wconf 81' lang='lat' dir='ltr'><em>d.</em></span> <span class='ocrx_word' id='word_1_158' title='bbox 1130 1207 1222 1261; x_wconf 75' lang='lat' dir='ltr'><em>jud.</em></span> <span class='ocrx_word' id='word_1_159' title='bbox 1249 1206 1396 1249; x_wconf 78' lang='lat' dir='ltr'><em>Volhcs</em></span> <span class='ocrx_word' id='word_1_160' title='bbox 1421 1206 1479 1248; x_wconf 82' lang='lat' dir='ltr'><em>im</em></span> <span class='ocrx_word' id='word_1_161' title='bbox 1500 1206 1706 1249; x_wconf 84' lang='lat' dir='ltr'><em>Zeitalter</em></span> <span class='ocrx_word' id='word_1_162' title='bbox 1726 1205 1833 1248; x_wconf 88' lang='lat' dir='ltr'><em>Jesu</em></span> <span class='ocrx_word' id='word_1_163' title='bbox 1860 1204 2024 1249; x_wconf 70' lang='lat' dir='ltr'><em>Christi</em></span> <span class='ocrx_word' id='word_1_164' title='bbox 2040 1205 2096 1248; x_wconf 76' lang='lat'><em>1²</em></span> 
     </span>
    </p>
   </div>
   <div class='ocr_carea' id='block_1_3' title="bbox 2182 0 2242 722">
    <p class='ocr_par' dir='ltr' id='par_1_4' title="bbox 2182 0 2242 722">
     <span class='ocr_line' id='line_1_16' title="bbox 2182 0 2242 722; baseline 0 2950"><span class='ocrx_word' id='word_1_165' title='bbox 2182 0 2242 722; x_wconf 95' lang='lat' dir='ltr'><em> </em></span> 
     </span>
    </p>
   </div>
   <div class='ocr_carea' id='block_1_4' title="bbox 367 1244 2191 1333">
    <p class='ocr_par' dir='ltr' id='par_1_5' title="bbox 367 1244 2242 1337">
     <span class='ocr_line' id='line_1_17' title="bbox 367 1244 2191 1333; baseline -0.002 -14"><span class='ocrx_word' id='word_1_166' title='bbox 367 1293 416 1333; x_wconf 89' lang='lat' dir='ltr'><em>p.</em></span> <span class='ocrx_word' id='word_1_167' title='bbox 438 1281 523 1321; x_wconf 92' lang='grc'><em>412</em></span> <span class='ocrx_word' id='word_1_168' title='bbox 542 1291 623 1332; x_wconf 79' lang='lat' dir='ltr'><em>seq.</em></span> <span class='ocrx_word' id='word_1_169' title='bbox 654 1280 740 1320; x_wconf 90' lang='lat' dir='ltr'><em>not.</em></span> <span class='ocrx_word' id='word_1_170' title='bbox 762 1280 866 1328; x_wconf 88' lang='grc'><em>139,·</em></span> <span class='ocrx_word' id='word_1_171' title='bbox 904 1275 957 1319; x_wconf 76' lang='lat' dir='ltr'><em>G.</em></span> <span class='ocrx_word' id='word_1_172' title='bbox 988 1275 1045 1318; x_wconf 88' lang='lat' dir='ltr'><em>A.</em></span> <span class='ocrx_word' id='word_1_173' title='bbox 1079 1275 1254 1326; x_wconf 77' lang='lat' dir='ltr'><em>Muller,</em></span> <span class='ocrx_word' id='word_1_174' title='bbox 1293 1275 1473 1317; x_wconf 88' lang='lat' dir='ltr'><em>Pontius</em></span> <span class='ocrx_word' id='word_1_175' title='bbox 1503 1275 1695 1326; x_wconf 87' lang='lat' dir='ltr'><em>Pilatus,</em></span> <span class='ocrx_word' id='word_1_176' title='bbox 1739 1274 1961 1329; x_wconf 76' lang='lat' dir='ltr'><em>Stuttyart</em></span> <span class='ocrx_word' id='word_1_177' title='bbox 1987 1275 2099 1318; x_wconf 88' lang='grc'><em>1888</em></span> <span class='ocrx_word' id='word_1_178' title='bbox 2189 1244 2191 1247; x_wconf 23' lang='lat'>¹</span> 
     </span>
    </p>
   </div>
   <div class='ocr_carea' id='block_1_5' title="bbox 368 1341 2100 1469">
    <p class='ocr_par' dir='ltr' id='par_1_6' title="bbox 368 1341 2100 1469">
     <span class='ocr_line' id='line_1_18' title="bbox 368 1341 2100 1403; baseline -0.002 -14"><span class='ocrx_word' id='word_1_179' title='bbox 368 1362 416 1403; x_wconf 88' lang='lat' dir='ltr'><em>p.</em></span> <span class='ocrx_word' id='word_1_180' title='bbox 438 1349 607 1401; x_wconf 79' lang='lat' dir='ltr'><strong><em>483qq.,</em></strong></span> <span class='ocrx_word' id='word_1_181' title='bbox 640 1360 758 1401; x_wconf 56' lang='lat' dir='ltr'><em>qinein</em></span> <span class='ocrx_word' id='word_1_182' title='bbox 787 1346 982 1399; x_wconf 84' lang='lat' dir='ltr'><em>conferas</em></span> <span class='ocrx_word' id='word_1_183' title='bbox 1011 1345 1139 1387; x_wconf 83' lang='lat' dir='ltr'><em>etiam</em></span> <span class='ocrx_word' id='word_1_184' title='bbox 1168 1344 1217 1387; x_wconf 79' lang='lat' dir='ltr'><em>ele</em></span> <span class='ocrx_word' id='word_1_185' title='bbox 1239 1343 1422 1387; x_wconf 85' lang='lat' dir='ltr'><em>Claudia</em></span> <span class='ocrx_word' id='word_1_186' title='bbox 1451 1343 1638 1386; x_wconf 86' lang='lat' dir='ltr'><em>Procula</em></span> <span class='ocrx_word' id='word_1_187' title='bbox 1668 1358 1806 1386; x_wconf 85' lang='lat' dir='ltr'><em>uxore</em></span> <span class='ocrx_word' id='word_1_188' title='bbox 1833 1346 1882 1386; x_wconf 89' lang='lat' dir='ltr'><em>ut</em></span> <span class='ocrx_word' id='word_1_189' title='bbox 1910 1341 2100 1387; x_wconf 74' lang='lat' dir='ltr'><em>traditur</em></span> 
     </span>
     <span class='ocr_line' id='line_1_19' title="bbox 368 1414 720 1469; baseline 0.003 -11"><span class='ocrx_word' id='word_1_190' title='bbox 368 1414 498 1458; x_wconf 86' lang='lat' dir='ltr'>Pilati</span> <span class='ocrx_word' id='word_1_191' title='bbox 520 1429 568 1469; x_wconf 89' lang='lat' dir='ltr'><em>p.</em></span> <span class='ocrx_word' id='word_1_192' title='bbox 588 1417 615 1458; x_wconf 88' lang='lat'><em>5</em></span> <span class='ocrx_word' id='word_1_193' title='bbox 634 1428 720 1468; x_wconf 80' lang='lat' dir='ltr'><em>sqq.</em></span> 
     </span>
    </p>
   </div>
   <div class='ocr_carea' id='block_1_6' title="bbox 283 1458 2242 1537">
    <p class='ocr_par' dir='ltr' id='par_1_7' title="bbox 283 1458 2242 1559">
     <span class='ocr_line' id='line_1_20' title="bbox 283 1458 2242 1537; baseline -0.003 -10"><span class='ocrx_word' id='word_1_194' title='bbox 283 1485 366 1528; x_wconf 89' lang='grc'><em>608</em></span> <span class='ocrx_word' id='word_1_195' title='bbox 397 1490 492 1525; x_wconf 90' lang='grc' dir='ltr'><strong>ΤΙΒ.</strong></span> <span class='ocrx_word' id='word_1_196' title='bbox 514 1489 725 1525; x_wconf 88' lang='lat' dir='ltr'><em>PONTIVS</em></span> <span class='ocrx_word' id='word_1_197' title='bbox 747 1488 1044 1524; x_wconf 87' lang='lat' dir='ltr'><strong>PONTIANVS.</strong></span> <span class='ocrx_word' id='word_1_198' title='bbox 1091 1481 1225 1524; x_wconf 87' lang='lat' dir='ltr'><em>Tituli</em></span> <span class='ocrx_word' id='word_1_199' title='bbox 1246 1480 1500 1524; x_wconf 75' lang='lat' dir='ltr'><em>Pannoniae</em></span> <span class='ocrx_word' id='word_1_200' title='bbox 1523 1481 1766 1535; x_wconf 80' lang='lat' dir='ltr'><em>inferioris:</em></span> <span class='ocrx_word' id='word_1_201' title='bbox 1786 1481 1876 1524; x_wconf 90' lang='lat' dir='ltr'><em>III</em></span> <span class='ocrx_word' id='word_1_202' title='bbox 1885 1483 1996 1524; x_wconf 78' lang='grc'><em>3481</em></span> <span class='ocrx_word' id='word_1_203' title='bbox 2015 1480 2102 1537; x_wconf 88' lang='grc'><em>(1);</em></span> <span class='ocrx_word' id='word_1_204' title='bbox 2142 1504 2148 1510; x_wconf 56' lang='grc'><strong>»</strong></span> <span class='ocrx_word' id='word_1_205' title='bbox 2225 1458 2242 1487; x_wconf 51' lang='lat'><em>‘²</em></span> 
     </span>
    </p>
   </div>
   <div class='ocr_carea' id='block_1_7' title="bbox 285 1549 2103 2153">
    <p class='ocr_par' dir='ltr' id='par_1_8' title="bbox 368 1549 2102 1879">
     <span class='ocr_line' id='line_1_21' title="bbox 368 1549 2099 1607; baseline -0.002 -12"><span class='ocrx_word' id='word_1_206' title='bbox 368 1555 481 1595; x_wconf 87' lang='lat'><em>3707</em></span> <span class='ocrx_word' id='word_1_207' title='bbox 509 1549 587 1607; x_wconf 87' lang='grc'><em>(2).</em></span> <span class='ocrx_word' id='word_1_208' title='bbox 638 1550 736 1593; x_wconf 88' lang='lat' dir='ltr'>Tib.</span> <span class='ocrx_word' id='word_1_209' title='bbox 764 1551 947 1593; x_wconf 89' lang='lat' dir='ltr'><em>Pontius</em></span> <span class='ocrx_word' id='word_1_210' title='bbox 973 1551 1213 1593; x_wconf 79' lang='lat' dir='ltr'><em>Pontianus</em></span> <span class='ocrx_word' id='word_1_211' title='bbox 1245 1553 1272 1592; x_wconf 88' lang='lat' dir='ltr'><em>t.</em></span> <span class='ocrx_word' id='word_1_212' title='bbox 1295 1553 1345 1602; x_wconf 92' lang='grc'><em>1,·</em></span> <span class='ocrx_word' id='word_1_213' title='bbox 1375 1550 1558 1592; x_wconf 86' lang='lat' dir='ltr'><em>Pontius</em></span> <span class='ocrx_word' id='word_1_214' title='bbox 1589 1550 1829 1592; x_wconf 79' lang='lat' dir='ltr'><em>Pontianus</em></span> <span class='ocrx_word' id='word_1_215' title='bbox 1859 1553 1888 1592; x_wconf 83' lang='lat' dir='ltr'><em>t.</em></span> <span class='ocrx_word' id='word_1_216' title='bbox 1910 1553 1954 1594; x_wconf 80' lang='lat'><em>2.</em></span> <span class='ocrx_word' id='word_1_217' title='bbox 2003 1549 2099 1592; x_wconf 83' lang='lat' dir='ltr'><em>Tri-</em></span> 
     </span>
     <span class='ocr_line' id='line_1_22' title="bbox 368 1617 2100 1675; baseline 0.001 -13"><span class='ocrx_word' id='word_1_218' title='bbox 368 1620 513 1663; x_wconf 91' lang='lat' dir='ltr'><em>bunus</em></span> <span class='ocrx_word' id='word_1_219' title='bbox 542 1619 789 1662; x_wconf 85' lang='lat' dir='ltr'><em>laticlavius</em></span> <span class='ocrx_word' id='word_1_220' title='bbox 821 1619 1004 1674; x_wconf 84' lang='lat' dir='ltr'><em>legionis</em></span> <span class='ocrx_word' id='word_1_221' title='bbox 1025 1619 1071 1661; x_wconf 86' lang='lat'><em>11</em></span> <span class='ocrx_word' id='word_1_222' title='bbox 1099 1619 1326 1661; x_wconf 84' lang='lat' dir='ltr'><em>adiutricis</em></span> <span class='ocrx_word' id='word_1_223' title='bbox 1353 1619 1452 1675; x_wconf 92' lang='lat' dir='ltr'><em>piae</em></span> <span class='ocrx_word' id='word_1_224' title='bbox 1476 1617 1616 1660; x_wconf 87' lang='lat' dir='ltr'><em>fidelis</em></span> <span class='ocrx_word' id='word_1_225' title='bbox 1638 1622 1666 1661; x_wconf 92' lang='lat' dir='ltr'><em>t.</em></span> <span class='ocrx_word' id='word_1_226' title='bbox 1688 1622 1727 1662; x_wconf 90' lang='lat'><em>1.</em></span> <span class='ocrx_word' id='word_1_227' title='bbox 1771 1619 1964 1674; x_wconf 82' lang='lat' dir='ltr'><em>Legatus</em></span> <span class='ocrx_word' id='word_1_228' title='bbox 1983 1617 2100 1675; x_wconf 89' lang='lat' dir='ltr'><strong>Aug.</strong></span> 
     </span>
     <span class='ocr_line' id='line_1_23' title="bbox 368 1685 2101 1745; baseline 0 -15"><span class='ocrx_word' id='word_1_229' title='bbox 368 1703 446 1745; x_wconf 89' lang='lat' dir='ltr'><em>pro</em></span> <span class='ocrx_word' id='word_1_230' title='bbox 476 1704 541 1745; x_wconf 90' lang='lat' dir='ltr'><em>pr.</em></span> <span class='ocrx_word' id='word_1_231' title='bbox 574 1688 844 1742; x_wconf 81' lang='lat' dir='ltr'><em>(Pannoniae</em></span> <span class='ocrx_word' id='word_1_232' title='bbox 870 1687 1105 1742; x_wconf 87' lang='lat' dir='ltr'><em>inferioris)</em></span> <span class='ocrx_word' id='word_1_233' title='bbox 1143 1691 1171 1730; x_wconf 91' lang='lat' dir='ltr'><em>t.</em></span> <span class='ocrx_word' id='word_1_234' title='bbox 1202 1691 1255 1738; x_wconf 90' lang='grc'><em>2,</em></span> <span class='ocrx_word' id='word_1_235' title='bbox 1295 1687 1371 1730; x_wconf 84' lang='lat' dir='ltr'><em>sub</em></span> <span class='ocrx_word' id='word_1_236' title='bbox 1410 1685 1643 1730; x_wconf 78' lang='lat' dir='ltr'><em>Caracalla</em></span> <span class='ocrx_word' id='word_1_237' title='bbox 1672 1688 1730 1743; x_wconf 91' lang='lat' dir='ltr'><em>(a.</em></span> <span class='ocrx_word' id='word_1_238' title='bbox 1761 1687 2007 1743; x_wconf 84' lang='grc'><em>211-217)</em></span> <span class='ocrx_word' id='word_1_239' title='bbox 2035 1686 2101 1731; x_wconf 83' lang='lat' dir='ltr'><em>vel</em></span> 
     </span>
     <span class='ocr_line' id='line_1_24' title="bbox 369 1755 2102 1812; baseline 0.001 -13"><span class='ocrx_word' id='word_1_240' title='bbox 369 1756 416 1799; x_wconf 87' lang='grc' dir='ltr'><em>Ε</em></span> <span class='ocrx_word' id='word_1_241' title='bbox 421 1756 620 1811; x_wconf 71' lang='lat' dir='ltr'><em>layabalo</em></span> <span class='ocrx_word' id='word_1_242' title='bbox 642 1757 698 1812; x_wconf 91' lang='lat' dir='ltr'><em>(a.</em></span> <span class='ocrx_word' id='word_1_243' title='bbox 721 1756 989 1811; x_wconf 78' lang='grc'><em>218-222),</em></span> <span class='ocrx_word' id='word_1_244' title='bbox 1011 1770 1105 1798; x_wconf 74' lang='lat' dir='ltr'><em>cuni</em></span> <span class='ocrx_word' id='word_1_245' title='bbox 1127 1755 1232 1810; x_wconf 70' lang='lat' dir='ltr'><em>leyio</em></span> <span class='ocrx_word' id='word_1_246' title='bbox 1253 1756 1314 1798; x_wconf 86' lang='lat' dir='ltr'><em>II</em></span> <span class='ocrx_word' id='word_1_247' title='bbox 1326 1755 1518 1798; x_wconf 72' lang='lat' dir='ltr'><em>adiutrix</em></span> <span class='ocrx_word' id='word_1_248' title='bbox 1538 1770 1587 1810; x_wconf 88' lang='lat' dir='ltr'><em>p.</em></span> <span class='ocrx_word' id='word_1_249' title='bbox 1609 1757 1641 1810; x_wconf 82' lang='lat' dir='ltr'><em>f.</em></span> <span class='ocrx_word' id='word_1_250' title='bbox 1666 1756 1901 1812; x_wconf 87' lang='lat' dir='ltr'><em>appelletur</em></span> <span class='ocrx_word' id='word_1_251' title='bbox 1918 1755 2102 1800; x_wconf 76' lang='lat' dir='ltr'><em>Antoni-</em></span> 
     </span>
     <span class='ocr_line' id='line_1_25' title="bbox 370 1824 1299 1879; baseline -0.001 -12"><span class='ocrx_word' id='word_1_252' title='bbox 370 1825 517 1867; x_wconf 87' lang='lat' dir='ltr'><em>niana.</em></span> <span class='ocrx_word' id='word_1_253' title='bbox 567 1824 717 1867; x_wconf 84' lang='lat' dir='ltr'><em>Filius</em></span> <span class='ocrx_word' id='word_1_254' title='bbox 746 1825 834 1867; x_wconf 83' lang='lat' dir='ltr'><em>eius</em></span> <span class='ocrx_word' id='word_1_255' title='bbox 855 1827 998 1879; x_wconf 88' lang='lat' dir='ltr'><em>potest</em></span> <span class='ocrx_word' id='word_1_256' title='bbox 1026 1837 1111 1867; x_wconf 83' lang='lat' dir='ltr'><em>esse</em></span> <span class='ocrx_word' id='word_1_257' title='bbox 1139 1838 1182 1866; x_wconf 92' lang='lat' dir='ltr'><em>n.</em></span> <span class='ocrx_word' id='word_1_258' title='bbox 1205 1827 1299 1866; x_wconf 86' lang='lat'><em>610.</em></span> 
     </span>
    </p>

    <p class='ocr_par' dir='ltr' id='par_1_9' title="bbox 285 1892 2100 2016">
     <span class='ocr_line' id='line_1_26' title="bbox 285 1892 2100 1949; baseline 0.001 -13"><span class='ocrx_word' id='word_1_259' title='bbox 285 1893 369 1936; x_wconf 86' lang='lat'><em>609</em></span> <span class='ocrx_word' id='word_1_260' title='bbox 399 1893 581 1935; x_wconf 87' lang='lat' dir='ltr'><em>Pontius</em></span> <span class='ocrx_word' id='word_1_261' title='bbox 602 1892 825 1944; x_wconf 87' lang='lat' dir='ltr'><em>Proculus,</em></span> <span class='ocrx_word' id='word_1_262' title='bbox 859 1895 928 1936; x_wconf 90' lang='lat' dir='ltr'><em>cui</em></span> <span class='ocrx_word' id='word_1_263' title='bbox 950 1893 1079 1935; x_wconf 88' lang='lat' dir='ltr'><em>divus</em></span> <span class='ocrx_word' id='word_1_264' title='bbox 1101 1894 1207 1935; x_wconf 90' lang='lat' dir='ltr'><em>Pius</em></span> <span class='ocrx_word' id='word_1_265' title='bbox 1227 1893 1451 1949; x_wconf 80' lang='lat' dir='ltr'><em>rescripsit</em></span> <span class='ocrx_word' id='word_1_266' title='bbox 1473 1892 1646 1948; x_wconf 82' lang='lat' dir='ltr'><em>Ulpian.</em></span> <span class='ocrx_word' id='word_1_267' title='bbox 1664 1893 1829 1949; x_wconf 75' lang='lat' dir='ltr'><em>Diyest.</em></span> <span class='ocrx_word' id='word_1_268' title='bbox 1846 1897 1913 1946; x_wconf 88' lang='grc'><em>48,</em></span> <span class='ocrx_word' id='word_1_269' title='bbox 1934 1898 1979 1946; x_wconf 89' lang='grc'><em>2,</em></span> <span class='ocrx_word' id='word_1_270' title='bbox 2001 1897 2040 1947; x_wconf 81' lang='grc'><em>7,</em></span> <span class='ocrx_word' id='word_1_271' title='bbox 2059 1897 2100 1938; x_wconf 89' lang='lat'><em>3.</em></span> 
     </span>
     <span class='ocr_line' id='line_1_27' title="bbox 369 1961 1380 2016; baseline -0.001 -12"><span class='ocrx_word' id='word_1_272' title='bbox 369 1961 603 2004; x_wconf 77' lang='lat' dir='ltr'><em>Proconsul</em></span> <span class='ocrx_word' id='word_1_273' title='bbox 624 1962 874 2016; x_wconf 85' lang='lat' dir='ltr'><em>provinciae</em></span> <span class='ocrx_word' id='word_1_274' title='bbox 906 1962 1100 2012; x_wconf 83' lang='lat' dir='ltr'><em>alicuius,</em></span> <span class='ocrx_word' id='word_1_275' title='bbox 1130 1964 1179 2003; x_wconf 86' lang='lat' dir='ltr'><em>ut</em></span> <span class='ocrx_word' id='word_1_276' title='bbox 1202 1961 1380 2004; x_wconf 82' lang='lat' dir='ltr'><em>violetur.</em></span> 
     </span>
    </p>

    <p class='ocr_par' dir='ltr' id='par_1_10' title="bbox 286 2029 2103 2153">
     <span class='ocr_line' id='line_1_28' title="bbox 286 2029 2103 2087; baseline 0.002 -15"><span class='ocrx_word' id='word_1_277' title='bbox 286 2030 370 2072; x_wconf 88' lang='lat'><em>610</em></span> <span class='ocrx_word' id='word_1_278' title='bbox 400 2035 611 2072; x_wconf 87' lang='lat' dir='ltr'><em>PONTIVS</em></span> <span class='ocrx_word' id='word_1_279' title='bbox 634 2036 891 2073; x_wconf 84' lang='lat' dir='ltr'>PROCVLVS</span> <span class='ocrx_word' id='word_1_280' title='bbox 914 2036 1196 2072; x_wconf 88' lang='lat' dir='ltr'>PONTIANVS</span> <span class='ocrx_word' id='word_1_281' title='bbox 1224 2030 1422 2084; x_wconf 89' lang='lat' dir='ltr'><em>(Pontius</em></span> <span class='ocrx_word' id='word_1_282' title='bbox 1443 2029 1655 2072; x_wconf 90' lang='lat' dir='ltr'><em>Proculus</em></span> <span class='ocrx_word' id='word_1_283' title='bbox 1678 2031 2007 2087; x_wconf 73' lang='lat' dir='ltr'><em>Mittheilunqen</em></span> <span class='ocrx_word' id='word_1_284' title='bbox 2031 2031 2103 2076; x_wconf 82' lang='lat' dir='ltr'><em>des</em></span> 
     </span>
     <span class='ocr_line' id='line_1_29' title="bbox 369 2098 2102 2153; baseline 0.002 -13"><span class='ocrx_word' id='word_1_285' title='bbox 369 2099 406 2141; x_wconf 74' lang='lat' dir='ltr'><em>lc.</em></span> <span class='ocrx_word' id='word_1_286' title='bbox 440 2098 649 2141; x_wconf 88' lang='lat' dir='ltr'><em>arehaeol.</em></span> <span class='ocrx_word' id='word_1_287' title='bbox 687 2099 902 2149; x_wconf 84' lang='lat' dir='ltr'><em>Instituts,</em></span> <span class='ocrx_word' id='word_1_288' title='bbox 943 2098 1197 2141; x_wconf 84' lang='lat' dir='ltr'><em>Athenische</em></span> <span class='ocrx_word' id='word_1_289' title='bbox 1235 2098 1516 2153; x_wconf 74' lang='lat' dir='ltr'><em>Abtheiluny,</em></span> <span class='ocrx_word' id='word_1_290' title='bbox 1558 2102 1666 2141; x_wconf 87' lang='lat'><strong><em>1891</em></strong></span> <span class='ocrx_word' id='word_1_291' title='bbox 1698 2114 1746 2153; x_wconf 86' lang='lat' dir='ltr'><em>p.</em></span> <span class='ocrx_word' id='word_1_292' title='bbox 1767 2103 1855 2143; x_wconf 87' lang='grc'><em>270</em></span> <span class='ocrx_word' id='word_1_293' title='bbox 1864 2114 1878 2151; x_wconf 91' lang='grc'><em>;</em></span> <span class='ocrx_word' id='word_1_294' title='bbox 1918 2100 2102 2143; x_wconf 86' lang='lat' dir='ltr'><em>Pontius</em></span> 
     </span>
    </p>
   </div>
   <div class='ocr_carea' id='block_1_8' title="bbox 371 2166 2237 2291">
    <p class='ocr_par' dir='ltr' id='par_1_11' title="bbox 371 2138 2237 2303">
     <span class='ocr_line' id='line_1_30' title="bbox 371 2166 2147 2226; baseline 0.002 -17"><span class='ocrx_word' id='word_1_295' title='bbox 371 2167 610 2209; x_wconf 86' lang='lat' dir='ltr'><em>Pontianus</em></span> <span class='ocrx_word' id='word_1_296' title='bbox 642 2166 709 2213; x_wconf 85' lang='lat' dir='ltr'><em>VI</em></span> <span class='ocrx_word' id='word_1_297' title='bbox 729 2170 812 2209; x_wconf 87' lang='grc'><em>816</em></span> <span class='ocrx_word' id='word_1_298' title='bbox 822 2181 834 2218; x_wconf 91' lang='grc'><em>;</em></span> <span class='ocrx_word' id='word_1_299' title='bbox 863 2166 1116 2223; x_wconf 88' lang='lat' dir='ltr'><em>[Pr0]culus</em></span> <span class='ocrx_word' id='word_1_300' title='bbox 1148 2166 1428 2223; x_wconf 81' lang='lat' dir='ltr'><em>Pontian[us]</em></span> <span class='ocrx_word' id='word_1_301' title='bbox 1460 2167 1528 2209; x_wconf 86' lang='lat' dir='ltr'><em>VI</em></span> <span class='ocrx_word' id='word_1_302' title='bbox 1539 2171 1667 2218; x_wconf 90' lang='grc'><em>2009,</em></span> <span class='ocrx_word' id='word_1_303' title='bbox 1687 2171 1768 2219; x_wconf 90' lang='grc'><em>24;</em></span> <span class='ocrx_word' id='word_1_304' title='bbox 1798 2168 2008 2226; x_wconf 83' lang='lat' dir='ltr'><em>Proculus</em></span> <span class='ocrx_word' id='word_1_305' title='bbox 2037 2168 2102 2212; x_wconf 84' lang='lat' dir='ltr'><em>vel</em></span> <span class='ocrx_word' id='word_1_306' title='bbox 2140 2173 2147 2176; x_wconf 78' lang='grc'><em>”</em></span> 
     </span>
     <span class='ocr_line' id='line_1_31' title="bbox 373 2235 2237 2291; baseline 0.001 -13"><span class='ocrx_word' id='word_1_307' title='bbox 373 2236 611 2278; x_wconf 87' lang='lat' dir='ltr'><em>Pontianus</em></span> <span class='ocrx_word' id='word_1_308' title='bbox 633 2235 758 2290; x_wconf 84' lang='lat' dir='ltr'><em>alibi)</em></span> <span class='ocrx_word' id='word_1_309' title='bbox 781 2235 931 2278; x_wconf 90' lang='lat' dir='ltr'><em>consul</em></span> <span class='ocrx_word' id='word_1_310' title='bbox 953 2235 1196 2278; x_wconf 88' lang='lat' dir='ltr'><em>ordinarius</em></span> <span class='ocrx_word' id='word_1_311' title='bbox 1228 2251 1265 2278; x_wconf 88' lang='lat' dir='ltr'><em>a.</em></span> <span class='ocrx_word' id='word_1_312' title='bbox 1289 2236 1372 2278; x_wconf 87' lang='lat'><em>238</em></span> <span class='ocrx_word' id='word_1_313' title='bbox 1399 2251 1498 2278; x_wconf 92' lang='lat' dir='ltr'><em>cum</em></span> <span class='ocrx_word' id='word_1_314' title='bbox 1519 2235 1676 2278; x_wconf 86' lang='lat' dir='ltr'><em>Fulvio</em></span> <span class='ocrx_word' id='word_1_315' title='bbox 1698 2237 1777 2279; x_wconf 91' lang='lat' dir='ltr'><em>Pio</em></span> <span class='ocrx_word' id='word_1_316' title='bbox 1800 2237 1918 2291; x_wconf 82' lang='lat' dir='ltr'><em>fasti.</em></span> <span class='ocrx_word' id='word_1_317' title='bbox 1968 2237 2104 2280; x_wconf 89' lang='lat' dir='ltr'><em>Pater</em></span> <span class='ocrx_word' id='word_1_318' title='bbox 2125 2255 2130 2260; x_wconf 86' lang='lat'><strong>·</strong></span> <span class='ocrx_word' id='word_1_319' title='bbox 2218 2257 2237 2260; x_wconf 94' lang='grc'><em>·</em></span> 
     </span>
    </p>
   </div>
   <div class='ocr_carea' id='block_1_9' title="bbox 287 2303 2109 3254">
    <p class='ocr_par' dir='ltr' id='par_1_12' title="bbox 368 2303 2102 2430">
     <span class='ocr_line' id='line_1_32' title="bbox 373 2303 2102 2359; baseline 0.003 -13"><span class='ocrx_word' id='word_1_320' title='bbox 373 2304 461 2346; x_wconf 86' lang='lat' dir='ltr'><em>eius</em></span> <span class='ocrx_word' id='word_1_321' title='bbox 479 2307 623 2358; x_wconf 85' lang='lat' dir='ltr'><em>potest</em></span> <span class='ocrx_word' id='word_1_322' title='bbox 652 2317 736 2346; x_wconf 88' lang='lat' dir='ltr'><em>esse</em></span> <span class='ocrx_word' id='word_1_323' title='bbox 764 2318 807 2346; x_wconf 91' lang='lat' dir='ltr'><em>n.</em></span> <span class='ocrx_word' id='word_1_324' title='bbox 829 2307 923 2346; x_wconf 87' lang='lat'><strong><em>608.</em></strong></span> <span class='ocrx_word' id='word_1_325' title='bbox 986 2304 1066 2347; x_wconf 73' lang='lat' dir='ltr'><em>Vix</em></span> <span class='ocrx_word' id='word_1_326' title='bbox 1094 2304 1205 2347; x_wconf 83' lang='lat' dir='ltr'><em>idem</em></span> <span class='ocrx_word' id='word_1_327' title='bbox 1230 2307 1291 2347; x_wconf 89' lang='lat' dir='ltr'><em>est</em></span> <span class='ocrx_word' id='word_1_328' title='bbox 1311 2303 1564 2359; x_wconf 89' lang='lat' dir='ltr'><em>Proc(u)lus</em></span> <span class='ocrx_word' id='word_1_329' title='bbox 1586 2304 1734 2347; x_wconf 80' lang='lat' dir='ltr'><em>rhetor</em></span> <span class='ocrx_word' id='word_1_330' title='bbox 1760 2304 1872 2349; x_wconf 81' lang='lat' dir='ltr'><strong><em>CIG·</em></strong></span> <span class='ocrx_word' id='word_1_331' title='bbox 1891 2307 1981 2350; x_wconf 91' lang='lat' dir='ltr'><em>III</em></span> <span class='ocrx_word' id='word_1_332' title='bbox 1992 2310 2102 2351; x_wconf 85' lang='lat'><em>6779</em></span> 
     </span>
     <span class='ocr_line' id='line_1_33' title="bbox 368 2372 1963 2430; baseline 0.003 -17"><span class='ocrx_word' id='word_1_333' title='bbox 368 2391 425 2406; x_wconf 63' lang='grc' dir='ltr'>Ξ</span> <span class='ocrx_word' id='word_1_334' title='bbox 455 2372 616 2414; x_wconf 84' lang='lat' dir='ltr'><em>Kaibel</em></span> <span class='ocrx_word' id='word_1_335' title='bbox 646 2372 776 2427; x_wconf 70' lang='lat' dir='ltr'><em>epiyr.</em></span> <span class='ocrx_word' id='word_1_336' title='bbox 798 2375 881 2415; x_wconf 87' lang='grc'><em>590</em></span> <span class='ocrx_word' id='word_1_337' title='bbox 910 2393 965 2408; x_wconf 83' lang='lat'><strong><em>=</em></strong></span> <span class='ocrx_word' id='word_1_338' title='bbox 998 2373 1161 2415; x_wconf 85' lang='lat' dir='ltr'><em>Kaibel</em></span> <span class='ocrx_word' id='word_1_339' title='bbox 1189 2373 1317 2416; x_wconf 86' lang='lat' dir='ltr'><em>inser.</em></span> <span class='ocrx_word' id='word_1_340' title='bbox 1346 2372 1500 2416; x_wconf 78' lang='lat' dir='ltr'><em>Graec.</em></span> <span class='ocrx_word' id='word_1_341' title='bbox 1522 2373 1626 2416; x_wconf 90' lang='lat' dir='ltr'><em>Ital.</em></span> <span class='ocrx_word' id='word_1_342' title='bbox 1647 2377 1772 2425; x_wconf 88' lang='grc'><em>2469,</em></span> <span class='ocrx_word' id='word_1_343' title='bbox 1803 2375 1881 2418; x_wconf 86' lang='lat' dir='ltr'><em>ubi</em></span> <span class='ocrx_word' id='word_1_344' title='bbox 1907 2375 1963 2430; x_wconf 77' lang='lat' dir='ltr'><em>ef.</em></span> 
     </span>
    </p>

    <p class='ocr_par' dir='ltr' id='par_1_13' title="bbox 287 2440 2108 2565">
     <span class='ocr_line' id='line_1_34' title="bbox 287 2440 2108 2498; baseline 0.003 -16"><span class='ocrx_word' id='word_1_345' title='bbox 287 2440 367 2482; x_wconf 88' lang='grc'><em>611</em></span> <span class='ocrx_word' id='word_1_346' title='bbox 400 2446 612 2483; x_wconf 87' lang='lat' dir='ltr'><em>PONTIVS</em></span> <span class='ocrx_word' id='word_1_347' title='bbox 643 2447 997 2484; x_wconf 86' lang='lat' dir='ltr'><strong>RABELLIANVS</strong></span> <span class='ocrx_word' id='word_1_348' title='bbox 1029 2442 1098 2483; x_wconf 88' lang='lat' dir='ltr'><em>vir</em></span> <span class='ocrx_word' id='word_1_349' title='bbox 1124 2441 1401 2496; x_wconf 83' lang='lat' dir='ltr'><em>clarissimus,</em></span> <span class='ocrx_word' id='word_1_350' title='bbox 1433 2447 1641 2498; x_wconf 88' lang='lat' dir='ltr'><em>patronus</em></span> <span class='ocrx_word' id='word_1_351' title='bbox 1670 2446 1719 2485; x_wconf 88' lang='lat' dir='ltr'><em>ut</em></span> <span class='ocrx_word' id='word_1_352' title='bbox 1746 2443 1910 2486; x_wconf 83' lang='lat' dir='ltr'><em>videtur</em></span> <span class='ocrx_word' id='word_1_353' title='bbox 1938 2443 2108 2488; x_wconf 79' lang='lat' dir='ltr'><em>ordinis</em></span> 
     </span>
     <span class='ocr_line' id='line_1_35' title="bbox 374 2508 1343 2565; baseline 0.002 -15"><span class='ocrx_word' id='word_1_354' title='bbox 374 2508 648 2551; x_wconf 81' lang='lat' dir='ltr'><em>sacerdotum</em></span> <span class='ocrx_word' id='word_1_355' title='bbox 683 2508 836 2552; x_wconf 89' lang='lat' dir='ltr'><em>domus</em></span> <span class='ocrx_word' id='word_1_356' title='bbox 866 2510 1092 2565; x_wconf 82' lang='lat' dir='ltr'><em>Augustae</em></span> <span class='ocrx_word' id='word_1_357' title='bbox 1128 2510 1196 2553; x_wconf 87' lang='lat' dir='ltr'><em>VI</em></span> <span class='ocrx_word' id='word_1_358' title='bbox 1217 2514 1343 2554; x_wconf 79' lang='grc'><em>2010.</em></span> 
     </span>
    </p>

    <p class='ocr_par' dir='ltr' id='par_1_14' title="bbox 289 2577 2109 2700">
     <span class='ocr_line' id='line_1_36' title="bbox 289 2577 2109 2638; baseline 0.003 -19"><span class='ocrx_word' id='word_1_359' title='bbox 289 2577 372 2620; x_wconf 87' lang='grc'><em>612</em></span> <span class='ocrx_word' id='word_1_360' title='bbox 404 2583 445 2619; x_wconf 87' lang='lat' dir='ltr'><em>C.</em></span> <span class='ocrx_word' id='word_1_361' title='bbox 478 2583 688 2620; x_wconf 90' lang='lat' dir='ltr'><em>PONTIVS</em></span> <span class='ocrx_word' id='word_1_362' title='bbox 720 2584 880 2621; x_wconf 87' lang='lat' dir='ltr'><strong>RVFVS</strong></span> <span class='ocrx_word' id='word_1_363' title='bbox 912 2578 962 2622; x_wconf 83' lang='lat' dir='ltr'><em>O.</em></span> <span class='ocrx_word' id='word_1_364' title='bbox 993 2579 1042 2634; x_wconf 88' lang='lat' dir='ltr'><em>f.,</em></span> <span class='ocrx_word' id='word_1_365' title='bbox 1085 2579 1202 2622; x_wconf 86' lang='lat' dir='ltr'><em>tribu</em></span> <span class='ocrx_word' id='word_1_366' title='bbox 1242 2578 1440 2636; x_wconf 85' lang='lat' dir='ltr'><em>Scaptia,</em></span> <span class='ocrx_word' id='word_1_367' title='bbox 1483 2586 1706 2636; x_wconf 88' lang='lat' dir='ltr'><em>quaestor,</em></span> <span class='ocrx_word' id='word_1_368' title='bbox 1753 2579 1906 2623; x_wconf 86' lang='lat' dir='ltr'><em>aedilis</em></span> <span class='ocrx_word' id='word_1_369' title='bbox 1949 2579 2109 2638; x_wconf 52' lang='lat' dir='ltr'><em>plebisy</em></span> 
     </span>
     <span class='ocr_line' id='line_1_37' title="bbox 377 2645 1068 2700; baseline 0.006 -14"><span class='ocrx_word' id='word_1_370' title='bbox 377 2645 593 2700; x_wconf 88' lang='lat' dir='ltr'><em>(maritus)</em></span> <span class='ocrx_word' id='word_1_371' title='bbox 625 2645 826 2689; x_wconf 79' lang='lat' dir='ltr'><em>Galeriae</em></span> <span class='ocrx_word' id='word_1_372' title='bbox 858 2647 926 2689; x_wconf 84' lang='lat' dir='ltr'><em>VI</em></span> <span class='ocrx_word' id='word_1_373' title='bbox 947 2650 1068 2690; x_wconf 89' lang='grc'><em>1498.</em></span> 
     </span>
    </p>

    <p class='ocr_par' dir='ltr' id='par_1_15' title="bbox 290 2712 2107 3254">
     <span class='ocr_line' id='line_1_38' title="bbox 290 2712 2105 2776; baseline 0.003 -21"><span class='ocrx_word' id='word_1_374' title='bbox 290 2712 372 2755; x_wconf 86' lang='grc'><em>613</em></span> <span class='ocrx_word' id='word_1_375' title='bbox 402 2719 454 2755; x_wconf 86' lang='grc' dir='ltr'><em>Μ.</em></span> <span class='ocrx_word' id='word_1_376' title='bbox 467 2719 677 2756; x_wconf 84' lang='lat' dir='ltr'>PONTIVS</span> <span class='ocrx_word' id='word_1_377' title='bbox 696 2720 919 2759; x_wconf 79' lang='lat' dir='ltr'>SABINVS.</span> <span class='ocrx_word' id='word_1_378' title='bbox 943 2715 1120 2758; x_wconf 71' lang='lat' dir='ltr'><em>Nummi</em></span> <span class='ocrx_word' id='word_1_379' title='bbox 1134 2716 1545 2771; x_wconf 58' lang='lat' dir='ltr'><em>Philippopolitani:</em></span> <span class='ocrx_word' id='word_1_380' title='bbox 1562 2717 1760 2759; x_wconf 68' lang='lat' dir='ltr'><em>Mionnet</em></span> <span class='ocrx_word' id='word_1_381' title='bbox 1768 2720 1807 2768; x_wconf 89' lang='lat'><em>1,</em></span> <span class='ocrx_word' id='word_1_382' title='bbox 1816 2721 1910 2769; x_wconf 78' lang='grc'><em>416,</em></span> <span class='ocrx_word' id='word_1_383' title='bbox 1921 2721 2008 2762; x_wconf 72' lang='grc'><em>342</em></span> <span class='ocrx_word' id='word_1_384' title='bbox 2019 2717 2105 2776; x_wconf 86' lang='lat'><strong><em>(1);</em></strong></span> 
     </span>
     <span class='ocr_line' id='line_1_39' title="bbox 376 2782 2101 2840; baseline 0.005 -18"><span class='ocrx_word' id='word_1_385' title='bbox 376 2782 530 2832; x_wconf 79' lang='lat' dir='ltr'><em>Leahe,</em></span> <span class='ocrx_word' id='word_1_386' title='bbox 552 2782 746 2824; x_wconf 82' lang='lat' dir='ltr'><em>numism.</em></span> <span class='ocrx_word' id='word_1_387' title='bbox 768 2782 862 2825; x_wconf 89' lang='lat' dir='ltr'><em>hell.</em></span> <span class='ocrx_word' id='word_1_388' title='bbox 884 2784 993 2826; x_wconf 89' lang='lat' dir='ltr'><em>Eur.</em></span> <span class='ocrx_word' id='word_1_389' title='bbox 1012 2799 1060 2839; x_wconf 90' lang='lat' dir='ltr'><em>p.</em></span> <span class='ocrx_word' id='word_1_390' title='bbox 1079 2788 1137 2828; x_wconf 83' lang='grc'><em>92</em></span> <span class='ocrx_word' id='word_1_391' title='bbox 1157 2784 1246 2839; x_wconf 82' lang='grc'><em>(2);</em></span> <span class='ocrx_word' id='word_1_392' title='bbox 1275 2785 1711 2840; x_wconf 84' lang='lat' dir='ltr'><em>Hadrianopolitani:</em></span> <span class='ocrx_word' id='word_1_393' title='bbox 1732 2786 1929 2830; x_wconf 72' lang='lat' dir='ltr'><em>Mionnet</em></span> <span class='ocrx_word' id='word_1_394' title='bbox 1946 2790 1985 2838; x_wconf 95' lang='lat'><em>1,</em></span> <span class='ocrx_word' id='word_1_395' title='bbox 2006 2789 2101 2839; x_wconf 84' lang='lat'><strong><em>385,</em></strong></span> 
     </span>
     <span class='ocr_line' id='line_1_40' title="bbox 373 2849 2103 2907; baseline 0.005 -16"><span class='ocrx_word' id='word_1_396' title='bbox 373 2852 459 2892; x_wconf 89' lang='grc'><em>142</em></span> <span class='ocrx_word' id='word_1_397' title='bbox 487 2849 570 2904; x_wconf 84' lang='grc'><em>(3);</em></span> <span class='ocrx_word' id='word_1_398' title='bbox 599 2850 645 2893; x_wconf 79' lang='lat' dir='ltr'><em>S.</em></span> <span class='ocrx_word' id='word_1_399' title='bbox 667 2854 711 2901; x_wconf 88' lang='grc'><em>2,</em></span> <span class='ocrx_word' id='word_1_400' title='bbox 732 2854 826 2901; x_wconf 85' lang='grc'><em>303,</em></span> <span class='ocrx_word' id='word_1_401' title='bbox 849 2855 928 2893; x_wconf 85' lang='grc'><em>614</em></span> <span class='ocrx_word' id='word_1_402' title='bbox 948 2852 1030 2907; x_wconf 52' lang='grc'><em>,(4).</em></span> <span class='ocrx_word' id='word_1_403' title='bbox 1097 2853 1202 2895; x_wconf 77' lang='lat' dir='ltr'><em>Tria</em></span> <span class='ocrx_word' id='word_1_404' title='bbox 1230 2855 1404 2896; x_wconf 83' lang='lat' dir='ltr'><em>nomina</em></span> <span class='ocrx_word' id='word_1_405' title='bbox 1436 2854 1630 2897; x_wconf 75' lang='lat' dir='ltr'><em>exhibent</em></span> <span class='ocrx_word' id='word_1_406' title='bbox 1657 2855 1818 2897; x_wconf 78' lang='lat' dir='ltr'><em>nummi</em></span> <span class='ocrx_word' id='word_1_407' title='bbox 1844 2858 1884 2897; x_wconf 91' lang='lat'><em>1.</em></span> <span class='ocrx_word' id='word_1_408' title='bbox 1912 2858 1958 2899; x_wconf 91' lang='grc'><em>2.</em></span> <span class='ocrx_word' id='word_1_409' title='bbox 1984 2858 2025 2907; x_wconf 83' lang='grc'><em>4,</em></span> <span class='ocrx_word' id='word_1_410' title='bbox 2055 2856 2103 2899; x_wconf 86' lang='lat' dir='ltr'><em>in</em></span> 
     </span>
     <span class='ocr_line' id='line_1_41' title="bbox 377 2917 2107 2978; baseline 0.005 -20"><span class='ocrx_word' id='word_1_411' title='bbox 377 2917 500 2959; x_wconf 84' lang='lat' dir='ltr'><em>tertio</em></span> <span class='ocrx_word' id='word_1_412' title='bbox 522 2917 678 2960; x_wconf 81' lang='lat' dir='ltr'><em>dicitur</em></span> <span class='ocrx_word' id='word_1_413' title='bbox 697 2932 781 2961; x_wconf 85' lang='lat' dir='ltr'><em>esse</em></span> <span class='ocrx_word' id='word_1_414' title='bbox 793 2934 1054 2973; x_wconf 80' lang='lat' dir='ltr'><em>praenomen</em></span> <span class='ocrx_word' id='word_1_415' title='bbox 1074 2927 1130 2972; x_wconf 89' lang='grc' dir='ltr'><em>Τ.,</em></span> <span class='ocrx_word' id='word_1_416' title='bbox 1153 2921 1227 2964; x_wconf 80' lang='lat' dir='ltr'><em>sed</em></span> <span class='ocrx_word' id='word_1_417' title='bbox 1237 2936 1322 2976; x_wconf 86' lang='lat' dir='ltr'><em>pro</em></span> <span class='ocrx_word' id='word_1_418' title='bbox 1341 2922 1427 2966; x_wconf 89' lang='grc' dir='ltr'><em>ΗΓ.</em></span> <span class='ocrx_word' id='word_1_419' title='bbox 1450 2922 1496 2966; x_wconf 90' lang='grc' dir='ltr'><em>Τ.</em></span> <span class='ocrx_word' id='word_1_420' title='bbox 1527 2922 1635 2965; x_wconf 78' lang='lat' dir='ltr'><em>Pich</em></span> <span class='ocrx_word' id='word_1_421' title='bbox 1657 2922 1950 2978; x_wconf 75' lang='lat' dir='ltr'><em>eorriyendum</em></span> <span class='ocrx_word' id='word_1_422' title='bbox 1969 2926 2107 2967; x_wconf 84' lang='lat' dir='ltr'><em>censet.</em></span> 
     </span>
     <span class='ocr_line' id='line_1_42' title="bbox 376 2984 2104 3048; baseline 0.004 -21"><span class='ocrx_word' id='word_1_423' title='bbox 376 2984 586 3044; x_wconf 85' lang='grc' dir='ltr'><strong>ΗΓΕμών.</strong></span> <span class='ocrx_word' id='word_1_424' title='bbox 636 2986 827 3042; x_wconf 85' lang='lat' dir='ltr'><em>Legatus</em></span> <span class='ocrx_word' id='word_1_425' title='bbox 867 2989 999 3042; x_wconf 74' lang='lat' dir='ltr'><em>iyitur</em></span> <span class='ocrx_word' id='word_1_426' title='bbox 1029 2989 1277 3046; x_wconf 86' lang='lat' dir='ltr'><em>(Thraciae)</em></span> <span class='ocrx_word' id='word_1_427' title='bbox 1308 2991 1387 3033; x_wconf 91' lang='lat' dir='ltr'><em>Pio</em></span> <span class='ocrx_word' id='word_1_428' title='bbox 1419 2992 1659 3048; x_wconf 83' lang='lat' dir='ltr'><em>imperante</em></span> <span class='ocrx_word' id='word_1_429' title='bbox 1686 2991 1858 3034; x_wconf 84' lang='lat' dir='ltr'><em>nummi.</em></span> <span class='ocrx_word' id='word_1_430' title='bbox 1909 2991 2026 3037; x_wconf 84' lang='lat' dir='ltr'><em>Idem</em></span> <span class='ocrx_word' id='word_1_431' title='bbox 2055 2995 2104 3035; x_wconf 83' lang='lat' dir='ltr'><em>ut</em></span> 
     </span>
     <span class='ocr_line' id='line_1_43' title="bbox 377 3054 2103 3113; baseline 0.005 -18"><span class='ocrx_word' id='word_1_432' title='bbox 377 3054 542 3096; x_wconf 83' lang='lat' dir='ltr'><em>videtur</em></span> <span class='ocrx_word' id='word_1_433' title='bbox 571 3057 630 3097; x_wconf 86' lang='lat' dir='ltr'><em>est</em></span> <span class='ocrx_word' id='word_1_434' title='bbox 654 3054 712 3097; x_wconf 88' lang='lat' dir='ltr'><em>M.</em></span> <span class='ocrx_word' id='word_1_435' title='bbox 733 3055 916 3098; x_wconf 86' lang='lat' dir='ltr'><em>Pontius</em></span> <span class='ocrx_word' id='word_1_436' title='bbox 938 3057 1125 3100; x_wconf 85' lang='lat' dir='ltr'><em>Sabinus</em></span> <span class='ocrx_word' id='word_1_437' title='bbox 1144 3058 1375 3102; x_wconf 74' lang='lat' dir='ltr'><strong><em>XV2187.</em></strong></span> <span class='ocrx_word' id='word_1_438' title='bbox 1416 3059 1509 3102; x_wconf 86' lang='lat' dir='ltr'><em>Aut</em></span> <span class='ocrx_word' id='word_1_439' title='bbox 1526 3059 1635 3103; x_wconf 83' lang='lat' dir='ltr'><em>idem</em></span> <span class='ocrx_word' id='word_1_440' title='bbox 1657 3062 1732 3102; x_wconf 90' lang='lat' dir='ltr'><em>aut</em></span> <span class='ocrx_word' id='word_1_441' title='bbox 1751 3060 1890 3113; x_wconf 82' lang='lat' dir='ltr'><em>frater</em></span> <span class='ocrx_word' id='word_1_442' title='bbox 1917 3060 2006 3103; x_wconf 83' lang='lat' dir='ltr'><em>eius</em></span> <span class='ocrx_word' id='word_1_443' title='bbox 2026 3059 2103 3113; x_wconf 84' lang='lat' dir='ltr'><em>(sic</em></span> 
     </span>
     <span class='ocr_line' id='line_1_44' title="bbox 378 3122 2104 3181; baseline 0.005 -17"><span class='ocrx_word' id='word_1_444' title='bbox 378 3122 589 3177; x_wconf 75' lang='lat' dir='ltr'><em>Boryhesi</em></span> <span class='ocrx_word' id='word_1_445' title='bbox 606 3126 632 3165; x_wconf 90' lang='grc'><em>6</em></span> <span class='ocrx_word' id='word_1_446' title='bbox 655 3137 704 3177; x_wconf 88' lang='lat' dir='ltr'><em>p.</em></span> <span class='ocrx_word' id='word_1_447' title='bbox 722 3123 819 3179; x_wconf 83' lang='lat'><em>303)</em></span> <span class='ocrx_word' id='word_1_448' title='bbox 851 3128 925 3166; x_wconf 85' lang='lat' dir='ltr'><em>aut</em></span> <span class='ocrx_word' id='word_1_449' title='bbox 954 3126 1108 3178; x_wconf 82' lang='lat' dir='ltr'><em>fratris</em></span> <span class='ocrx_word' id='word_1_450' title='bbox 1138 3127 1256 3181; x_wconf 69' lang='lat' dir='ltr'><em>filius</em></span> <span class='ocrx_word' id='word_1_451' title='bbox 1276 3130 1418 3181; x_wconf 84' lang='lat' dir='ltr'><em>potest</em></span> <span class='ocrx_word' id='word_1_452' title='bbox 1446 3141 1531 3171; x_wconf 84' lang='lat' dir='ltr'><em>esse</em></span> <span class='ocrx_word' id='word_1_453' title='bbox 1562 3128 1629 3171; x_wconf 88' lang='lat' dir='ltr'><em>M.</em></span> <span class='ocrx_word' id='word_1_454' title='bbox 1658 3127 1841 3171; x_wconf 87' lang='lat' dir='ltr'><em>Pontius</em></span> <span class='ocrx_word' id='word_1_455' title='bbox 1869 3127 2104 3172; x_wconf 78' lang='lat' dir='ltr'><em>Laelianus</em></span> 
     </span>
     <span class='ocr_line' id='line_1_45' title="bbox 377 3190 2101 3254; baseline 0.005 -22"><span class='ocrx_word' id='word_1_456' title='bbox 377 3190 562 3232; x_wconf 83' lang='lat' dir='ltr'><em>Larcius</em></span> <span class='ocrx_word' id='word_1_457' title='bbox 592 3190 781 3234; x_wconf 79' lang='lat' dir='ltr'><em>Sabinus</em></span> <span class='ocrx_word' id='word_1_458' title='bbox 811 3192 867 3247; x_wconf 88' lang='lat' dir='ltr'><em>(n.</em></span> <span class='ocrx_word' id='word_1_459' title='bbox 895 3193 1015 3247; x_wconf 87' lang='lat'><strong><em>600),·</em></strong></span> <span class='ocrx_word' id='word_1_460' title='bbox 1044 3195 1084 3236; x_wconf 83' lang='lat' dir='ltr'><em>si</em></span> <span class='ocrx_word' id='word_1_461' title='bbox 1112 3195 1234 3246; x_wconf 78' lang='lat' dir='ltr'><em>idem,</em></span> <span class='ocrx_word' id='word_1_462' title='bbox 1271 3195 1502 3239; x_wconf 77' lang='lat' dir='ltr'><em>Thraciam</em></span> <span class='ocrx_word' id='word_1_463' title='bbox 1529 3210 1562 3239; x_wconf 88' lang='lat' dir='ltr'><em>c.</em></span> <span class='ocrx_word' id='word_1_464' title='bbox 1593 3211 1633 3239; x_wconf 92' lang='lat' dir='ltr'><em>a.</em></span> <span class='ocrx_word' id='word_1_465' title='bbox 1663 3199 1744 3239; x_wconf 89' lang='grc'><em>160</em></span> <span class='ocrx_word' id='word_1_466' title='bbox 1775 3195 2101 3254; x_wconf 82' lang='lat' dir='ltr'><em>administravit.</em></span> 
     </span>
    </p>
   </div>
   <div class='ocr_carea' id='block_1_10' title="bbox 295 3235 2242 3338">
    <p class='ocr_par' dir='ltr' id='par_1_16' title="bbox 295 3235 2242 3338">
     <span class='ocr_line' id='line_1_46' title="bbox 295 3235 2242 3338; baseline 0.004 -38"><span class='ocrx_word' id='word_1_467' title='bbox 295 3258 378 3300; x_wconf 90' lang='grc'><em>614</em></span> <span class='ocrx_word' id='word_1_468' title='bbox 411 3257 462 3302; x_wconf 90' lang='grc' dir='ltr'><em>Τ.</em></span> <span class='ocrx_word' id='word_1_469' title='bbox 493 3258 675 3301; x_wconf 83' lang='lat' dir='ltr'><em>Pontius</em></span> <span class='ocrx_word' id='word_1_470' title='bbox 706 3258 913 3315; x_wconf 82' lang='lat' dir='ltr'><em>Sabinus,</em></span> <span class='ocrx_word' id='word_1_471' title='bbox 947 3260 997 3303; x_wconf 90' lang='lat' dir='ltr'><em>T.</em></span> <span class='ocrx_word' id='word_1_472' title='bbox 1028 3262 1079 3317; x_wconf 89' lang='lat' dir='ltr'><em>f.,</em></span> <span class='ocrx_word' id='word_1_473' title='bbox 1111 3262 1229 3305; x_wconf 87' lang='lat' dir='ltr'><em>tribu</em></span> <span class='ocrx_word' id='word_1_474' title='bbox 1258 3263 1478 3319; x_wconf 87' lang='lat' dir='ltr'><em>Palatina,</em></span> <span class='ocrx_word' id='word_1_475' title='bbox 1520 3264 1764 3322; x_wconf 85' lang='lat' dir='ltr'><em>praefectus</em></span> <span class='ocrx_word' id='word_1_476' title='bbox 1796 3264 1983 3307; x_wconf 86' lang='lat' dir='ltr'><em>cohortis</em></span> <span class='ocrx_word' id='word_1_477' title='bbox 2013 3267 2101 3315; x_wconf 86' lang='lat' dir='ltr'><em>cet.,</em></span> <span class='ocrx_word' id='word_1_478' title='bbox 2183 3235 2242 3338; x_wconf 46' lang='grc' dir='ltr'>ὲ</span> 
     </span>
    </p>
   </div>
   <div class='ocr_carea' id='block_1_11' title="bbox 382 3326 2102 3389">
    <p class='ocr_par' dir='ltr' id='par_1_17' title="bbox 382 3326 2102 3389">
     <span class='ocr_line' id='line_1_47' title="bbox 382 3326 2102 3389; baseline 0.005 -22"><span class='ocrx_word' id='word_1_479' title='bbox 382 3326 506 3368; x_wconf 89' lang='lat' dir='ltr'><em>donis</em></span> <span class='ocrx_word' id='word_1_480' title='bbox 536 3326 720 3369; x_wconf 87' lang='lat' dir='ltr'><em>donatus</em></span> <span class='ocrx_word' id='word_1_481' title='bbox 752 3328 1026 3384; x_wconf 86' lang='lat' dir='ltr'><em>expeditione</em></span> <span class='ocrx_word' id='word_1_482' title='bbox 1055 3330 1262 3373; x_wconf 85' lang='lat' dir='ltr'><em>Parthica</em></span> <span class='ocrx_word' id='word_1_483' title='bbox 1292 3347 1318 3373; x_wconf 92' lang='lat' dir='ltr'><em>a</em></span> <span class='ocrx_word' id='word_1_484' title='bbox 1348 3332 1450 3374; x_wconf 88' lang='lat' dir='ltr'><em>divo</em></span> <span class='ocrx_word' id='word_1_485' title='bbox 1481 3332 1669 3376; x_wconf 89' lang='lat' dir='ltr'><em>Traiano</em></span> <span class='ocrx_word' id='word_1_486' title='bbox 1701 3335 1795 3383; x_wconf 89' lang='lat' dir='ltr'><em>cet.,</em></span> <span class='ocrx_word' id='word_1_487' title='bbox 1832 3333 2102 3389; x_wconf 84' lang='lat' dir='ltr'><em>praepositus</em></span> 
     </span>
    </p>
   </div>
   <div class='ocr_carea' id='block_1_12' title="bbox 2203 1557 2242 3423">
    <p class='ocr_par' dir='ltr' id='par_1_18' title="bbox 2203 1557 2242 3423">
     <span class='ocr_line' id='line_1_48' title="bbox 2203 1557 2242 3423; baseline 0 0"><span class='ocrx_word' id='word_1_488' title='bbox 2203 1557 2242 3423; x_wconf 95' lang='lat' dir='ltr'><em> </em></span> 
     </span>
    </p>
   </div>
  </div>
 </body>
</html>
