2242 3672
286 248 576 286 TIMAGENES
1143 238 1228 280 320
1826 238 2094 282 TMOXENA

374 385 413 432 3,
436 383 504 430 23,
525 383 577 430 4,·
612 376 785 431 Quintil.
818 379 884 424 10,
906 378 944 424 1,
969 377 1031 416 75.
1085 374 1257 430 Scripta
1284 375 1375 415 eius
1407 374 1542 416 citant
1561 374 1720 417 Strabo
1739 374 1943 429 Iosephus
1967 376 2098 430 Quin-

377 450 552 491 tilianus
593 446 691 487 alii:
731 444 784 497 ef.
820 442 982 485 Muller
1009 443 1163 496 fraym.
1196 442 1291 483 hist.
1322 441 1400 484 Gr.
1427 442 1517 484 III
1533 457 1578 496 p.
1600 445 1686 486 321
1706 456 1813 496 seq.,·
1850 443 2102 498 Hirschfeld

376 514 658 568 So'teuuysber.
672 510 813 553 Ahaol.
830 509 994 553 Berlin.
1005 512 1117 552 1894
1127 523 1176 563 p.
1187 512 1268 552 334
1282 522 1365 563 seq.
1396 509 1523 552 Hune
1541 510 1782 564 siquifieari
1801 525 1828 552 a
1847 511 1983 566 Ia'vio,
2007 524 2100 554 cwm

377 583 582 626 invehitur
602 581 647 622 iu
671 579 858 622 Graecos
879 580 1082 628 auctore3‚
1104 577 1347 620 Alexandri
1370 578 1529 632 Mayru'
1547 581 1672 632 atque
1691 579 1819 621 etiam
1839 578 2101 622 Parthorum

372 651 535 705 gloriae
565 651 712 691 eontra
746 646 989 693 Romauum
1018 660 1167 688 ‘nomeu
1197 646 1385 699 faventes
1416 643 1525 698 (Liv.
1560 649 1599 697 9,
1633 649 1698 701 18,
1732 650 1758 689 6
1779 649 1893 703 seq),
1925 647 2102 690 coniecit

376 718 577 762 Schwabe
609 716 657 757 de
687 715 809 756 Livio
846 717 885 756 et
922 714 1146 768 Timayeue
1181 712 1428 768 (Stuttyart.
1460 714 1603 768 1834).
1634 740 1686 744 -
1726 714 1976 770 Timagenis
2011 713 2102 767 (sed

375 787 517 829 dubito
536 799 636 826 uum
650 784 792 839 huius)
809 784 944 825 vitam
964 783 1138 839 scripsit
1152 782 1376 837 Euagoras
1393 782 1578 824 Lindius
1591 782 1751 825 Suidas
1763 796 1796 827 3.
1810 796 1847 828 v.
1880 782 2099 840 Εὐαγόρας.

292 857 371 898 157
403 855 682 906 Timagenes,
724 850 992 907 Aegyptius,
1034 851 1109 906 qui
1146 850 1417 907 Palmyrenis
1448 849 1698 907 Aegyptum
1729 850 1912 895 subiecit
1942 851 2099 895 Zosim.

372 927 408 973 1,
430 926 495 966 44,
548 921 612 962 Eo
634 926 675 961 et
697 920 814 962 Saba
845 919 1067 974 (Septimio
1090 919 1255 970 Zabda,
1286 933 1418 973 supra
1450 919 1485 962 S
1503 922 1605 975 352)
1636 919 1819 963 ducibus
1851 919 2101 977 Palmyreni

374 998 522 1033 contra
548 989 788 1044 Aegyptios
818 987 983 1036 bellum
1013 995 1308 1043 sumpserunt3
1340 989 1434 1030 eius
1464 988 1631 1030 insidiis
1662 988 1754 1030 dux
1784 988 2101 1046 Aegyptiorum
2168 994 2170 997 ’
2229 970 2239 1001 ⁵²

374 1059 585 1101 Probatus
615 1058 896 1112 interemptus
923 1057 996 1098 vit.
1024 1055 1182 1099 Claud.
1205 1060 1271 1107 11,
1293 1059 1332 1100 1.
1355 1060 1398 1100 2.
1446 1055 1513 1109 Cf.
1538 1056 1775 1099 Mommsen
1793 1056 1890 1100 hist.
1911 1056 2036 1101 Rom.
2062 1056 2106 1100 V

368 1142 416 1182 p.
438 1130 532 1176 437,
564 1126 640 1179 qui
668 1125 770 1167 duos
803 1124 985 1167 eiusdem
1013 1125 1196 1167 nominis
1224 1124 1389 1167 videtur
1421 1127 1617 1169 statuere.

303 1222 358 1226 —
401 1194 608 1237 Claudius
640 1193 910 1237 Timarchus.

305 1291 363 1295 —
406 1263 455 1306 C.
487 1264 646 1305 Furius
679 1261 883 1304 Sabinius
914 1261 1074 1318 Aquila
1104 1261 1407 1305 Timesitheus.

291 1335 370 1376 158
402 1331 636 1386 Timidius,
687 1331 762 1387 qui
803 1330 1087 1389 Pompedium
1128 1330 1190 1386 (P
1213 1331 1309 1386 516)
1344 1333 1531 1374 amicum
1571 1347 1606 1374 a.
1645 1332 1701 1374 40
1740 1331 1897 1374 detulit
1933 1331 2099 1387 Ioseph.

376 1404 462 1443 aut.
484 1403 549 1451 19,
572 1403 609 1450 1,
626 1364 657 1442 5
689 1400 743 1453 ef.
773 1398 863 1441 Dzo
891 1402 959 1449 59,
982 1402 1040 1442 26
1070 1399 1162 1451 (ubi
1188 1413 1339 1442 nomeu
1370 1401 1630 1443 accusatoris
1657 1415 1742 1443 uon
1763 1401 1974 1456 ponitur).

291 1471 371 1512 159
402 1470 541 1523 Timo,
571 1468 752 1510 maritus
783 1467 1060 1521 Arrionillae,
1090 1483 1116 1510 a
1148 1468 1286 1510 Plinio
1317 1468 1519 1511 defensae
1540 1468 1657 1513 Ptin.
1680 1483 1744 1524 ep.
1763 1472 1801 1520 1,
1821 1470 1861 1520 5,
1881 1471 1922 1512 5.

291 1540 372 1581 160
402 1538 548 1591 Timo,
590 1538 724 1579 frater
764 1536 987 1579 Plutarchi
1019 1537 1137 1580 Plut.
1173 1537 1222 1580 de
1251 1538 1355 1591 frat.
1389 1551 1531 1580 amore
1553 1552 1600 1592 p.
1628 1538 1759 1588 487Β,
1799 1541 1958 1592 quaest.
1989 1551 2103 1583 conv.

375 1610 413 1657 1,
434 1610 475 1656 2,
499 1610 537 1648 1.
567 1610 610 1656 2,
632 1609 658 1648 5
679 1620 727 1659 p.
755 1608 845 1648 615.
877 1608 969 1659 639,
1004 1605 1053 1647 de
1092 1619 1190 1647 sera
1227 1606 1415 1648 numinis
1437 1605 1641 1650 ⁴vindicta
1662 1620 1710 1660 p.
1739 1605 1854 1648 548⁸
1873 1609 1967 1651 eet..
2004 1605 2106 1650 Non

377 1675 584 1717 diversum
615 1674 668 1716 ab
691 1688 737 1716 eo
757 1674 832 1727 qui
851 1673 1074 1728 praeeedit
1100 1674 1364 1716 coniecerunt
1381 1674 1578 1728 quidam,·
1606 1674 1719 1729 quod
1735 1675 1942 1729 refutavit
1969 1674 2104 1719 'Wila-

373 1744 536 1786 mowitz
564 1742 651 1784 ind.
685 1742 773 1786 leot.
803 1741 991 1796 Gottiuy.
1022 1745 1130 1784 1889
1152 1757 1200 1796 p.
1226 1745 1285 1785 28
1312 1745 1398 1787 uot.
1418 1746 1461 1787 2.
1790 1797 1793 1801 Ι

293 1813 368 1854 161
404 1812 682 1865 Timocrates,
706 1825 761 1852 ex
782 1810 996 1852 Heraclea
1018 1811 1147 1853 Ponti
1169 1811 1376 1853 oriundus
1394 1811 1687 1853 Philostratus
1700 1811 1772 1854 vit.
1789 1811 1906 1866 soph.
1923 1815 1961 1863 1,
1977 1813 2048 1862 25,
2063 1813 2104 1863 5,

377 1880 537 1923 Surdas
565 1893 598 1921 s.
631 1893 667 1923 v.
701 1879 909 1936 Πολέμων,
954 1879 1010 1933 of.
1042 1880 1223 1922 Πασίωνι.
1255 1879 1433 1922 Demou.
1463 1882 1503 1930 3,
1545 1879 1671 1922 Alex.
1703 1893 1737 1922 o.
1768 1882 1836 1930 57,
1876 1879 2025 1923 rhetor
2064 1887 2106 1924 et

373 1947 676 2004 philosophus,
713 1954 815 1989 ‘non
848 1949 991 1990 minus
1019 1949 1256 2004 sapientiae
1278 1962 1409 2005 quam
1439 1947 1711 2004 eloquentiae
1731 1947 1872 2003 gloria
1898 1947 2102 1992 inclutus'

374 2017 538 2059 Frouto
561 2017 618 2058 acl
638 2016 788 2059 Verum
807 2020 846 2066 1,
869 2020 895 2058 1
917 2031 966 2070 p.
989 2019 1070 2059 115
1091 2017 1264 2068 Naber,
1294 2017 1351 2070 ef.
1381 2017 1562 2059 Isaciau.
1583 2015 1809 2060 Demouax
1830 2019 1872 2059 3.
1913 2017 2105 2073 Primum

372 2085 611 2127 medicinae
641 2085 867 2127 studuerat
898 2084 1151 2141 (ἐφιλοσόφει
1172 2087 1216 2128 δὲ
1237 2084 1325 2128 κατ’
1348 2085 1478 2142 ἀρχὰς
1503 2086 1593 2132 τοὺς
1622 2086 1815 2142 ἰατρικοὺς
1844 2089 1922 2128 τῶν
1952 2085 2104 2143 λόγων)

373 2153 660 2195 Philostratus
687 2153 712 2195 l.
736 2167 768 2195 e.
802 2152 1024 2206 (incertum
1054 2157 1195 2196 tamen
1223 2168 1323 2196 uum
1353 2153 1421 2196 hio
1451 2153 1731 2208 Timocrates,
1763 2154 1886 2196 cuius
1916 2153 2105 2196 medica—

374 2229 518 2264 menta
547 2229 756 2264 memorat
782 2221 972 2264 Galenus
993 2222 1101 2265 XII
1112 2225 1210 2265 843.
1230 2225 1317 2264 887
1334 2222 1395 2267 ed.
1420 2222 1586 2276 Ku‘hu).
1638 2221 1895 2278 Discipulus
1915 2221 2105 2265 Musonii

376 2290 540 2332 Fronto
562 2291 589 2333 l.
613 2305 645 2333 e.
678 2290 867 2333 Auditor
888 2291 1126 2347 Euphratis
1148 2292 1274 2347 Tyrii
1294 2291 1586 2333 Philostratus
1607 2290 1634 2334 l.
1655 2304 1689 2335 e.
1721 2291 1871 2346 Ipsum
1891 2290 2104 2347 Smyrnae

376 2358 513 2400 audiit
544 2358 715 2400 Polemo
749 2358 941 2415 sophista
961 2359 1251 2402 Philostratus
1280 2360 1352 2402 vit.
1373 2359 1490 2414 soph.
1511 2362 1549 2410 1,
1572 2361 1642 2409 25,
1663 2361 1704 2401 5.
1724 2361 1773 2410 9;
1804 2358 1966 2402 Suidas
1995 2358 2023 2405 l.
2044 2372 2079 2403 o.
2091 2372 2105 2411 ,·

376 2427 477 2467 item
519 2441 616 2468 eum
657 2427 795 2469 audiit
833 2428 1063 2469 Demonax
1101 2428 1283 2470 Isaciau.
1313 2427 1437 2470 Dem.
1469 2441 1502 2470 e.
1532 2431 1571 2471 3.
1643 2427 1886 2470 Sectatores
1927 2429 2019 2471 eius
2059 2428 2104 2470 in

377 2495 513 2536 Ponto
546 2496 770 2550 provincia
798 2496 1017 2538 adiutores
1043 2496 1197 2539 habuit
1220 2497 1453 2551 Lucianus,
1487 2511 1585 2538 cum
1607 2495 1905 2539 Alexandrum
1926 2495 2104 2540 Abonu-

378 2562 611 2604 tichensem
642 2578 846 2606 accusare
875 2565 1118 2607 institueret
1148 2566 1328 2607 Luciart.
1350 2565 1474 2609 Alex.
1505 2578 1538 2607 c.
1558 2567 1625 2609 57.
1677 2563 1911 2619 (Diversus,
1947 2563 2106 2608 scilicet

377 2630 507 2672 multo
539 2632 765 2684 antiquior,
804 2633 1061 2676 Timocrates
1091 2647 1211 2688 quem
1235 2636 1440 2676 memorat
1465 2634 1645 2675 Isueiau.
1669 2632 1718 2675 cle
1737 2632 1883 2676 saltat.
1905 2645 1939 2675 e.
1962 2631 2046 2687 69).

295 2699 376 2739 162
408 2697 649 2752 Timolaus,
681 2699 794 2741 filius
828 2700 1071 2743 Odaenathi
1103 2708 1145 2744 et
1172 2701 1409 2755 Zenobiae,
1441 2700 1649 2757 parvulus
1679 2715 1706 2742 a
1734 2707 1858 2757 patre
1889 2715 1977 2744 una
2006 2715 2105 2744 cum

378 2765 656 2807 Herenniano
687 2766 820 2809 fratre
851 2769 1027 2823 (maiore
1056 2773 1104 2811 ut
1131 2769 1312 2824 violetur)
1335 2769 1511 2811 relictus
1531 2770 1605 2811 vit.
1632 2767 1820 2812 Gallieu.
1842 2771 1908 2820 13,
1929 2771 1974 2820 2,
2006 2769 2102 2824 my.

379 2835 458 2886 tyr.
489 2835 553 2883 15,
585 2836 628 2876 2.
658 2838 724 2876 17.
756 2839 827 2878 27.
855 2839 927 2879 28.
956 2841 1023 2888 30,
1046 2842 1096 2881 ’2.
1166 2837 1313 2880 Ardor
1353 2839 1445 2880 eius
1485 2837 1541 2880 ad
1575 2837 1734 2880 ‘studia
1763 2837 1974 2880 Romana.³
2005 2837 2102 2894 triq.

380 2903 459 2954 tyr.
482 2903 551 2943 28.
595 2901 702 2943 Eius
733 2909 776 2944 et
802 2903 947 2946 fratris
973 2907 1146 2947 nomine
1167 2905 1360 2948 Zenobia
1384 2906 1615 2963 imperavit
1636 2905 1733 2959 triy.
1756 2908 1835 2959 tyr.
1857 2907 1929 2949 27.
1958 2907 2027 2956 30,
2047 2907 2103 2958 2;

382 2968 427 3009 id
467 2970 607 3024 ipsum
643 2978 827 3025 negatur
865 2973 934 3014 vit.
972 2973 1121 3016 Aurel.
1155 2977 1221 3025 38,
1258 2978 1283 3017 1
1323 2975 1381 3030 (et
1416 2978 1526 3017 reete
1555 2973 1742 3028 quidem,
1779 2974 1834 3027 ef.
1864 2987 1998 3028 supra
2026 2973 2103 3017 sub

380 3035 589 3090 Septimia
610 3038 830 3086 Zenobia).
874 3041 925 3081 In
952 3042 1169 3098 triumpho
1201 3042 1357 3085 ductus
1389 3042 1444 3085 ab
1471 3041 1706 3085 Aureliano
1738 3042 1835 3096 triy.
1863 3044 1942 3096 tyr.
1969 3045 2040 3093 24,
2060 3045 2101 3086 4.

307 3128 365 3132 —
408 3105 466 3145 Μ.
497 3105 699 3148 Valerius
730 3108 939 3149 Romulus
970 3110 1221 3153 Timotheus
1243 3110 1603 3166 V[e]nul[e]ianus
1634 3109 1902 3166 V[e]nuleius
1933 3109 2100 3154 Gallus.

298 3174 377 3213 163
408 3173 648 3216 Timoxena
685 3175 883 3229 (eiusdem
911 3178 1092 3219 nominis
1122 3193 1172 3221 ao
1201 3179 1309 3234 filia,
1341 3179 1462 3221 Plut.
1484 3193 1533 3233 p.
1555 3178 1688 3233 608⁶),
1721 3193 1834 3221 uxor
1863 3176 2100 3235 Plutarchi,

379 3240 434 3281 ad
465 3255 592 3296 quam
624 3242 750 3284 huius
778 3242 950 3285 libellus
981 3248 1304 3303 παραμυθητικὸς
1327 3249 1425 3304 πρὸς
1444 3248 1514 3303 τὴν
1537 3247 1635 3289 ἰδίαν
1656 3249 1822 3302 γυναῖκα
1842 3244 1960 3288 Plut.
1984 3245 2102 3290 Mor.

381 3321 423 3360 p.
447 3310 531 3349 608
551 3322 645 3363 seq„
676 3316 813 3352 mater
843 3317 1047 3367 quattuor
1085 3313 1274 3356 filiorum
1309 3321 1352 3357 et
1381 3315 1648 3357 Timoxenae
1678 3314 1770 3357 eius
1800 3314 1873 3370 qui
1905 3314 2102 3370 sequitur
