2242 3672
148 246 351 284 STATIVS
1019 242 1098 286 271
1798 247 1969 283 STEIVS

234 394 392 422 annum
431 383 512 422 166
522 413 532 431 ,
586 382 641 435 cf.
683 380 893 423 Harnaclc
935 379 1211 435 Chronoloqie
1252 380 1325 423 der
1363 378 1695 423 altchristlichen
1733 379 1973 422 Litteratur

232 463 282 503 p.
303 452 390 492 342
409 463 507 503 seq..
537 474 595 480 —
624 449 831 492 Fortasse
871 449 982 492 idem
1021 448 1086 502 (id
1113 450 1226 503 quod
1257 464 1342 504 pro
1374 452 1485 492 certo
1509 449 1659 503 posuit
1685 448 1973 503 Waddinyton

233 519 352 561 mem.
375 518 424 561 de
446 518 597 561 l'acad.
623 518 693 561 des
713 520 841 562 inser.
862 522 932 570 26,
955 522 994 569 1,
1016 521 1128 561 1867
1146 534 1194 573 p.
1217 521 1316 569 234,
1350 519 1482 572 fustes
1505 518 1577 560 des'
1595 531 1719 572 prov.
1743 518 1973 572 asiatiques

232 587 264 641 5
279 586 376 642 144)
399 587 649 640 Quadratus
671 586 903 643 proconsul
924 586 1067 642 Asiae,
1091 602 1219 644 quem
1241 594 1450 630 memorat
1466 586 1683 630 Aristides
1704 601 1761 630 or.
1785 586 1971 629 XXIII.

231 655 326 698 XX
337 655 406 698 VI
418 656 480 700 ed.
502 655 636 698 Dind.
658 656 693 699 I
705 671 754 711 p.
776 659 868 701 451.
890 659 989 707 521,
1021 656 1136 698 idem
1168 656 1315 699 rhetor
1336 671 1385 711 p.
1406 658 1491 700 521
1523 655 1714 712 (cundem
1733 655 1975 711 siqniftcare'

227 727 356 779 putat
385 724 673 779 Waddinyton
701 726 755 768 ab
786 725 981 768 Aristide
1009 725 1036 768 l.
1065 739 1098 769 c.
1127 740 1175 780 p.
1197 728 1298 776 523,
1329 725 1405 768 ubi
1431 728 1644 767 narratur
1683 725 1865 767 amicum
1896 723 1972 766 ali-

231 808 353 848 quem
381 793 593 836 Aristidis
623 794 922 849 proconsulem
959 794 1095 837 Asiae
1139 795 1270 848 fuisse
1320 809 1432 837 anno
1469 797 1571 849 post
1615 793 1834 848 Severum,
1881 808 1972 836 cum

231 863 429 907 Severum
469 866 609 905 autem
640 863 937 917 proconsulem
978 863 1108 918 fuisse
1147 877 1258 906 anno
1298 862 1420 906 153l4
1461 863 1547 905 sibi
1577 863 1875 917 persuasisset,
1917 862 1972 915 cf.

233 945 368 987 supra
412 932 488 973 sub
541 932 606 974 Ti.
655 931 775 974 Iulio
819 932 985 983 Severo,
1028 933 1156 975 etiam
1205 932 1286 974 hac
1336 932 1385 975 de
1435 945 1567 975 causa
1617 931 1832 985 Quadrati
1871 945 1968 985 pro-

240 1000 504 1043 consulatum
544 1001 695 1043 tribuit
732 1015 844 1043 anno
874 1000 1024 1056 154s‘5).
1069 1026 1116 1031 —
1166 1001 1358 1044 Dubium
1395 1015 1497 1044 num
1536 1001 1646 1044 idem
1686 999 1813 1056 (quod
1843 1002 1974 1054 putat

244 1068 549 1124 Waddinyton)
582 1069 824 1122 Quadratio
857 1069 1129 1127 (Κοῧρατίων)
1162 1069 1312 1112 consul
1343 1070 1545 1127 idemque
1577 1070 1741 1124 rhetor,
1780 1069 1971 1111 imitator

235 1139 467 1193 Favorini,
511 1153 640 1195 quem
676 1146 889 1182 memorat
928 1139 1223 1182 Philostratus
1252 1140 1324 1182 vit.
1356 1139 1472 1194 soph.
1505 1142 1549 1190 2,
1581 1142 1619 1181 6.
1650 1163 1707 1168 —
1735 1137 1877 1180 Plane
1907 1138 1971 1180 in-

232 1210 391 1250 certum
418 1222 520 1250 num
550 1207 618 1250 hic
650 1209 821 1251 ...tius
845 1208 1095 1261 Quadratus
1126 1209 1294 1264 legatus
1326 1224 1402 1265 pro
1434 1223 1498 1264 pr.
1521 1208 1773 1251 Lusitaniae
1803 1207 1865 1250 II
1886 1209 1970 1249 189

234 1276 290 1330 cf.
321 1276 382 1318 II
406 1276 452 1320 S.
480 1292 529 1331 p.
561 1279 656 1319 810.
687 1302 745 1307 -
784 1277 881 1320 Huc
917 1292 1003 1320 non
1034 1278 1256 1332 pertinent·
1294 1278 1456 1323 Στάτιος
1488 1276 1690 1333 Κοδρᾶτος
1720 1278 1740 1319 ὁ
1771 1278 1973 1332 κράτιστος

235 1346 433 1402 νεωκόρος
455 1345 679 1402 Sarapidis
702 1349 730 1388 t.
752 1347 944 1388 urbanus
963 1346 1027 1388 vel
1049 1345 1301 1388 Portuensis
1321 1346 1459 1388 Inscr.
1479 1345 1559 1388 Gr.
1578 1345 1699 1388 Sicil.
1722 1344 1825 1387 Ital.
1847 1348 1969 1394 1030,

233 1415 329 1457 Λου.
361 1415 524 1462 Στάτιος
554 1414 761 1472 Κοδρᾶτος
791 1415 869 1468 (sic
891 1419 1015 1466 1112,
1047 1416 1114 1458 Στ.
1138 1414 1343 1472 Κοδρᾶτος
1362 1414 1473 1469 486),
1506 1414 1786 1457 Atheniensis
1818 1411 1969 1456 CIAtt.

234 1484 323 1526 III
343 1486 438 1526 486.
470 1487 594 1527 1112.
627 1487 737 1526 1300
768 1483 840 1538 (cf.
873 1484 1175 1539 Dittenberyer
1206 1484 1264 1526 ad
1293 1487 1322 1526 t.
1350 1483 1463 1538 486).

159 1577 218 1582 —
261 1558 305 1595 T.
339 1559 654 1595 CAESERNIVS
687 1559 895 1595 STATIVS
929 1559 1195 1604 QVINOTIVS
1226 1559 1436 1596 MAGEDO
1469 1558 1818 1605 QVINGTIANVS.

160 1647 219 1651 —
262 1628 305 1665 T.
325 1628 638 1664 OAESERNIVS
659 1629 866 1665 STATIVS
885 1629 1121 1674 QVINTIVS
1140 1629 1418 1665 STATIANVS
1437 1628 1675 1664 MEMMIVS
1698 1626 1970 1663 MACRINVS.

127 1691 228 1734 -641
265 1691 430 1734 Statius
459 1691 657 1747 Rufinus,
696 1693 739 1733 in
771 1693 1005 1734 triennium
1038 1707 1063 1734 a
1094 1691 1313 1749 praefecto
1345 1691 1466 1735 urbis
1497 1690 1714 1747 relegatus
1746 1690 1826 1732 sub
1858 1689 1971 1731 divis

235 1759 443 1803 fratribus
474 1760 690 1815 Ulpianus
721 1761 831 1804 libro
862 1762 985 1803 tertio
1017 1761 1066 1804 de
1097 1762 1242 1816 officio
1273 1761 1458 1804 consulis
1488 1759 1607 1816 (Diy.
1638 1763 1705 1811 50,
1739 1763 1806 1810 12,
1835 1762 1893 1815 8).

163 1853 221 1859 -
266 1836 306 1872 C.
339 1835 668 1872 CALPETANVS
701 1836 906 1872 STATIVS
938 1836 1115 1873 RVFVS.

152 1898 236 1941 642
268 1898 434 1942 Statius
481 1898 669 1941 Sabinus
719 1899 996 1954 (gentilicium
1045 1901 1229 1942 servavit
1277 1899 1406 1943 codeoc
1449 1899 1768 1942 Riccardianus
1813 1899 1859 1940 in
1909 1899 1972 1940 in-

235 1967 462 2022 scriptione
485 1967 719 2023 epistulae),
753 1984 778 2010 a
798 1968 961 2011 Sabina
987 1970 1132 2011 nescio
1160 1984 1246 2026 qua
1277 1969 1427 2024 (supra
1455 1983 1497 2013 n.
1518 1971 1563 2024 8)
1595 1968 1719 2010 heres
1751 1969 1973 2010 institutus

234 2051 322 2079 una
352 2051 451 2079 cum
475 2036 617 2079 Plinio
646 2036 765 2080 Plin.
799 2052 861 2092 ep.
891 2042 931 2088 4,
964 2041 1018 2080 10
1045 2037 1270 2090 (incertum
1301 2052 1358 2081 an
1388 2038 1500 2081 idem
1529 2037 1731 2088 Sabinus,
1766 2036 1824 2080 ad
1851 2051 1972 2091 quem

236 2103 352 2147 Plin.
387 2120 446 2160 ep.
480 2109 518 2156 6,
550 2109 618 2148 18.
650 2110 689 2157 9,
720 2110 765 2150 2.
797 2110 874 2158 18,·
907 2108 960 2160 cf.
992 2121 1126 2162 supra
1154 2122 1195 2152 n.
1217 2107 1305 2162 27).

150 2173 234 2216 643
267 2173 430 2216 Statius
461 2175 635 2228 Valens,
670 2176 802 2218 vitam
835 2177 1013 2219 Traiani
1044 2178 1218 2233 scripsit
1246 2177 1318 2219 vit.
1350 2176 1474 2220 Alex.
1505 2180 1573 2228 48,
1605 2183 1642 2221 6.

150 2242 234 2284 644
264 2242 314 2285 L.
347 2243 511 2287 Statius
534 2244 735 2299 Ursulus,
769 2245 1031 2299 Tolosensis,
1064 2246 1223 2301 rhetor,
1257 2246 1406 2289 docuit
1436 2247 1480 2288 in
1513 2245 1657 2290 Gallia
1688 2244 1976 2302 (temporibus

236 2311 439 2367 Neronis)
469 2313 584 2357 Suet.
617 2314 666 2357 de
693 2329 874 2369 yramm.
908 2319 947 2357 et
975 2315 1082 2358 rhet.
1112 2315 1198 2358 ind.
1232 2314 1363 2367 (Suet.
1396 2315 1458 2358 ed.
1484 2314 1797 2367 Reifferscheid
1824 2329 1864 2368 p.
1887 2315 1971 2369 99),

238 2383 277 2422 et
307 2395 357 2423 ex
386 2381 588 2424 Suetonio
618 2383 904 2437 Hieronymus
936 2383 1077 2426 chron.
1107 2384 1183 2427 sub
1217 2398 1256 2427 a.
1288 2384 1397 2428 Abr.
1430 2387 1545 2428 2073
1579 2382 1644 2438 (p.
1674 2383 1779 2426 Chr.
1802 2382 1884 2437 57).

151 2448 234 2492 645
268 2450 483 2505 STATUA)
524 2457 808 2507 AGRIPPINA,
842 2452 978 2495 Modii
1009 2454 1118 2496 Iusti
1154 2453 1286 2508 legati
1327 2455 1518 2496 coniunx
1551 2456 1578 2495 t.
1617 2452 1973 2495 Lambaesitanus

243 2517 366 2561 VIII
389 2522 514 2562 2746.

150 2585 234 2628 646
266 2592 445 2629 STATIA
487 2595 675 2639 QVINTA
717 2589 770 2642 Q.
813 2590 863 2643 f.,
904 2590 954 2633 C.
1001 2591 1165 2647 Papirii
1207 2591 1422 2632 Massonis
1469 2598 1619 2646 (supra
1663 2590 1705 2632 P
1741 2589 1815 2644 88)
1864 2604 1973 2632 uxor

243 2655 313 2698 VI
334 2659 453 2702 1481.

150 2724 232 2766 647
266 2724 480 2768 Statorius
512 2727 675 2780 Victor,
707 2727 1016 2780 Cordubensis,
1049 2728 1196 2771 rhetor
1228 2729 1390 2772 Seneca
1419 2743 1533 2771 suas.
1565 2732 1607 2778 2,
1640 2732 1706 2770 18.

151 2792 233 2835 648
264 2793 453 2836 Statoria
502 2795 732 2851 Marcella,
785 2804 922 2840 mater
972 2804 1019 2839 ut
1069 2798 1245 2840 videtur
1295 2798 1499 2839 Miniciae
1545 2796 1779 2839 Marcellae
1825 2797 1972 2851 (supra

239 2861 300 2903 M
321 2866 414 2914 447,
447 2877 540 2905 cum
570 2865 689 2907 cuius
727 2866 849 2908 titulo
888 2866 1120 2920 sepulcrali
1153 2867 1287 2920 ipsius
1327 2869 1354 2908 t.
1381 2865 1630 2920 sepulcralis
1661 2866 1851 2907 inventus
1882 2866 1970 2919 est),

236 2945 347 2973 uxor
378 2931 426 2974 G.
458 2932 626 2975 Minieii
657 2934 862 2976 Fundani
894 2934 962 2977 VI
984 2938 1135 2978 16632.

164 3023 221 3029 —
267 2999 528 3056 Calpurnius
561 3001 750 3045 Statura.

163 3092 220 3098 —
263 3075 308 3111 L.
335 3076 551 3112 VETTIVS
584 3077 825 3116 STATVRA.
1206 3105 1208 3107 -

150 3136 233 3178 649
263 3143 308 3179 L.
343 3138 546 3194 STEI[VS]
590 3172 715 3194 .....
759 3137 877 3183 tribu
919 3142 1051 3196 Hor.;
1095 3142 1313 3197 [tribunus
1344 3140 1580 3195 militumP]
1624 3140 1804 3193 legionis
1838 3139 1969 3180 VIIII

237 3206 484 3262 Hispanae3
522 3241 641 3251 .....
676 3208 875 3264 [legatus]
908 3210 963 3252 ad
995 3225 1149 3253 census
1183 3211 1473 3267 [accipiendos
1507 3208 1772 3265 pr0]vinciae
1805 3206 1970 3258 (deinde

234 3279 492 3318 memoratur
517 3277 635 3319 divus
662 3277 917 3333 Traianus);
948 3279 1098 3321 consul
1120 3281 1248 3334 (pars
1279 3283 1444 3321 tantum
1475 3279 1680 3320 honorum
1707 3278 1895 3329 superest
1927 3276 1969 3317 z'n

238 3345 267 3385 t.
296 3344 461 3401 mutilo)
495 3348 522 3387 t.
557 3344 818 3389 Calamensis
850 3347 1082 3390 Numidiae
1115 3348 1237 3390 VIII
1257 3351 1374 3391 5355.
