2242 3672
195 211 432 250 VONONES
1061 214 1145 256 489
1760 223 2013 262 VOTIENVS

283 343 336 389 A.
361 345 415 388 19
445 359 546 388 cum
577 345 768 401 effugere
787 347 843 390 ad
864 347 1093 393 Armenios
1124 354 1434 409 temptavisset,
1464 355 1510 397 in
1541 356 1637 413 ripa
1666 355 1844 412 Pyrami
1874 357 2014 399 amnis

283 413 582 471 adprehensus
613 421 656 457 et
686 430 713 457 a
742 416 938 459 Remmio
971 427 1149 463 evocato
1182 423 1348 464 occisus
1379 430 1444 465 est
1465 423 1565 468 Ταῦ.
1589 439 1629 469 α.
1650 427 1693 480 2,
1717 426 1878 480 68;“ῦ]”.
1900 428 2012 470 Suet.

288 483 379 526 Tib.
398 486 463 528 49.
516 484 681 528 Gazam
711 483 767 527 ab
798 499 848 527 eo
880 486 925 527 in
959 486 1088 543 Syria
1120 488 1362 547 Ciliciaque
1391 491 1588 536 relictam
1618 492 1866 536 Artabanus
1897 509 1934 538 a.
1957 494 2012 537 35

282 553 470 609 reposcit
509 552 608 596 Ταῦ.
645 566 684 597 α,
719 556 759 604 6,
792 556 859 596 31.
909 579 967 585 -
1015 556 1153 599 Filius
1194 559 1299 601 eius·
1326 559 1601 605 Meherdates
1641 562 1741 605 Ταῦ.
1778 576 1818 608 α.
1854 565 1924 613 12,
1959 566 2012 605 10

282 621 338 675 ef.
367 624 436 672 11,
468 625 534 665 10.

195 689 278 733 671
311 690 517 734 Vonones
540 689 830 747 (Arscacida)‚
851 691 1081 737 Medorum
1101 709 1203 750 rex3
1233 703 1402 739 mortuo
1426 698 1614 742 Gotarze
1635 699 1765 754 (anno
1783 703 1832 742 ut
1848 699 2015 743 videtur

280 761 334 802 51
359 773 498 803 mense
516 760 635 817 Iun.)
666 775 693 803 a
722 760 896 804 Parthis
927 776 1007 804 rex
1037 764 1295 807 constitutus
1326 765 1572 820 (Medorum
1598 781 1781 823 regnum
1806 768 2011 812 traditum

282 829 447 872 Pacoro
480 829 578 872 Tac.
611 844 651 873 α.
677 833 742 881 15,
769 831 843 885 2):‚
882 837 981 888 post
1021 830 1153 875 breve
1183 840 1225 875 et
1264 833 1494 889 inglorium
1526 836 1754 892 imperium
1783 837 2012 881 defunctus

283 897 384 940 Ταῦ.
416 912 455 942 α.
487 901 558 949 12,
589 901 654 943 14.
726 898 901 941 Videtur
928 914 1013 954 per
1036 914 1203 955 paucos
1233 904 1398 945 tantum
1426 917 1584 946 menses
1611 919 1787 960 reynum
1818 907 2010 958 tenuisse,

279 980 375 1009 cum
412 967 506 1022 ipso
545 981 658 1010 anno
686 969 740 1010 51
779 980 917 1010 mense
946 967 1060 1023 Auy.
1090 969 1301 1024 incipiant
1337 973 1500 1014 nummi
1535 973 1620 1027 qui·
1648 973 1886 1029 Voloyaesis
1926 988 2012 1018 esse

278 1035 474 1079 videntur
511 1035 586 1092 (cf.
616 1049 751 1091 supra
781 1036 858 1079 sub
896 1036 1150 1094 Voloyaese),
1192 1052 1294 1092 quos
1333 1042 1473 1083 tamen
1501 1054 1537 1086 v.
1576 1040 1827 1086 Gutschmid
1861 1043 2010 1087 Geseh.

279 1106 412 1149 Irans
442 1120 490 1161 p.
523 1108 612 1149 128
646 1105 746 1149 huic
775 1106 863 1161 ipsi
895 1106 1061 1149 Vononi
1089 1107 1263 1159 tribuit,
1295 1112 1530 1163 propterea
1560 1114 1670 1165 puto
1708 1111 1820 1165 quod
1850 1113 2014 1156 nummi

280 1175 387 1218 certi
420 1175 682 1231 Voloyaesis',
726 1175 817 1218 cusi
846 1189 930 1230 per
961 1189 1096 1219 annos
1130 1179 1184 1218 60
1215 1176 1273 1219 acl
1300 1180 1366 1228 68,
1404 1178 1538 1220 alium
1565 1179 1725 1222 vultum
1753 1181 1916 1235 reyium
1943 1196 2011 1225 ex-

278 1243 443 1295 hibent,
485 1245 540 1298 cf.
570 1258 705 1299 supra
733 1244 810 1287 sub
843 1244 1093 1300 Voloyaese;
1131 1248 1180 1288 ut
1209 1245 1397 1289 Vonones
1432 1249 1672 1302 reynaverit
1711 1249 1765 1292 ab
1807 1264 1919 1293 anno
1957 1253 2011 1293 51

213 1335 215 1341 ·
279 1313 339 1356 ad
366 1327 407 1356 a.
436 1314 502 1356 54.
561 1313 694 1356 Pater
722 1313 979 1369 Vologaesis
1010 1314 1111 1360 Ταῦ.
1139 1329 1180 1357 α.
1201 1318 1270 1366 12,
1293 1318 1347 1358 14
1376 1316 1491 1372 (item
1521 1316 1683 1360 Pacori
1715 1321 1755 1360 et
1789 1317 2009 1370 Tiridatis,

273 1395 309 1427 v.
340 1395 474 1437 supra
502 1382 580 1425 sub
618 1381 872 1438 Voloyaese).

191 1451 276 1494 672
307 1457 544 1495 VOPISCVS
576 1452 728 1495 consul
758 1452 893 1507 (suff.)
925 1467 1023 1495 cum
1055 1452 1285 1496 Paterculo
1317 1453 1385 1507 (L.
1418 1454 1572 1498 Velleio
1600 1455 1841 1507 Paterculo,
1877 1470 2011 1512 supra

276 1534 318 1563 n.
348 1520 455 1575 239)
486 1536 524 1564 a.
553 1536 595 1578 p.
628 1520 731 1565 Chr.
764 1522 819 1564 60
850 1521 1027 1578 (scilicet
1057 1535 1151 1564 cium
1180 1525 1354 1565 cometes
1385 1527 1632 1579 appareret,
1665 1536 1784 1579 quem
1814 1539 1926 1568 anno
1957 1529 2012 1567 60

277 1590 530 1645 apparuisse
550 1590 687 1633 tradit
712 1590 810 1633 Ταῦ.
834 1605 874 1634 α.
901 1594 961 1642 14,
983 1589 1077 1645 22),
1110 1597 1297 1634 exeunte
1322 1598 1370 1634 ut
1390 1592 1564 1635 videtur
1591 1608 1704 1635 anno
1736 1592 1848 1646 (cum
1875 1602 2013 1637 mense

275 1658 362 1702 Iul.
408 1662 449 1702 et
491 1658 577 1702 kal.
617 1659 730 1715 Aug.
767 1659 991 1706 Paterculi
1030 1659 1190 1715 colleya
1228 1661 1362 1714 fuerit
1401 1660 1475 1704 On.
1514 1661 1734 1705 Pedanius
1771 1662 2010 1719 Salinator)

276 1726 439 1771 Seneca
476 1731 568 1771 nat.
601 1732 759 1782 quaest.
793 1732 830 1780 7,
862 1731 934 1779 28,
966 1732 1008 1772 2.
1073 1727 1324 1784 Pompeium
1364 1729 1586 1785 Vopiscum
1626 1730 1887 1786 appellatum
1926 1746 2012 1775 esse

276 1797 430 1839 statuit
457 1797 719 1853 Boryhesius
747 1812 845 1853 opp.
875 1801 914 1851 4,
936 1801 1030 1842 394.
1052 1800 1137 1841 537
1144 1812 1157 1850 ,·
1193 1798 1242 1841 de
1274 1799 1464 1842 Manilio
1500 1799 1643 1854 aliquo
1674 1800 1861 1855 Vopisw,
1893 1815 2012 1855 quem

277 1878 401 1907 avum
428 1866 573 1909 volunt
601 1867 735 1921 fuisse
765 1867 816 1910 P.
849 1867 1034 1909 Manilii
1063 1867 1235 1922 Vopisci
1262 1868 1447 1911 consulis
1477 1869 1584 1911 anni
1611 1872 1690 1913 114
1729 1870 2016 1924 cogitaverunt

276 1933 357 1976 alii
386 1933 692 1987 (Friedlander
722 1936 900 1991 Sitteny.
925 1937 977 1978 35
999 1950 1046 1990 p.
1068 1935 1179 1991 457).

201 2026 259 2032 —
305 2003 352 2046 P.
383 2003 591 2047 Manilius
622 2005 850 2061 Vopiscus.
1980 2028 1983 2031 ⁴

201 2095 259 2101 -—
304 2078 345 2114 P.
376 2078 620 2116 MANILIVS
651 2080 888 2116 VOPISCVS
918 2080 1299 2116 VICINILLIANVS
1330 2081 1374 2119 L.
1403 2080 1652 2117 ELVFRIVS
1685 2081 1911 2117 SEVERVS
1933 2078 2008 2119 Cet.

201 2165 260 2170 ——
301 2148 348 2186 A.
380 2147 630 2185 POMPEIVS
660 2149 913 2186 VOPISCVS.

205 2234 258 2240 —
302 2217 348 2253 L.
378 2196 630 2254 i>0MPE1vs
660 2218 910 2255 VOPISCVS.

203 2303 260 2309 --
304 2286 350 2323 L.
381 2286 632 2323 POMPEIVS
664 2287 902 2324 VOPISCVS
936 2288 978 2326 C.
1008 2288 1296 2324 ARRVNTIVS
1330 2287 1609 2323 CATELLIVS
1638 2287 1819 2324 CELER.

206 2373 264 2378 —-
310 2349 544 2405 Septimius
574 2349 786 2393 Vorodes.

189 2417 274 2460 673
304 2417 539 2473 Votienus,
581 2418 900 2474 Narbonensis,
932 2420 1002 2462 vir
1034 2420 1220 2462 ‘doctus'
1255 2420 1420 2474 (orator
1450 2425 1554 2476 puto
1585 2417 1656 2460 vel
1686 2418 1845 2474 poeta),
1877 2431 2007 2474 quem

274 2501 372 2528 cum
408 2486 571 2529 honore
610 2489 805 2531 nominat
837 2489 1039 2532 Martial.
1070 2492 1109 2540 8,
1144 2493 1211 2540 72,
1243 2492 1282 2532 5.
1342 2488 1559 2532 Oriundus
1597 2488 1687 2530 sine
1717 2486 1844 2528 dubio
1876 2486 1929 2527 ab
1961 2499 2007 2527 eo

271 2556 347 2608 qui
372 2556 561 2610 sequitur
590 2555 693 2608 (nisi
721 2558 831 2611 forte
860 2558 970 2601 hunc
1000 2559 1138 2613 ipsum
1167 2559 1384 2613 siqnificat
1416 2555 1676 2603 Martialis).

189 2623 275 2666 674
303 2623 516 2666 Votienus
556 2624 812 2680 Montanus,
846 2626 1144 2669 Narbonensis
1172 2627 1482 2682 Hieronymus,
1526 2632 1671 2668 orator
1699 2623 1780 2678 id.,
1822 2622 2006 2666 celebris

278 2692 440 2746 ingenii
471 2693 539 2734 vir
574 2693 674 2735 Ταῦ.
706 2708 747 2736 α.
769 2698 809 2745 4,
831 2698 901 2745 42,
938 2694 1080 2736 ‘homo
1112 2695 1322 2736 rarissimi
1354 2695 1523 2736 etiamsi
1554 2708 1641 2736 non
1672 2691 2007 2734 emendatissimi

277 2762 456 2816 ingenii’
483 2760 645 2804 Seneca
676 2765 808 2805 contr.
828 2766 868 2814 9,
887 2766 927 2814 5,
949 2766 1014 2808 15.
1076 2764 1347 2806 Tirocinium
1378 2763 1522 2820 posuit
1551 2776 1629 2817 pro
1659 2761 1856 2803 Numisia
1880 2757 2008 2803 Galla

274 2829 390 2886 apud
429 2830 724 2873 centumviros
765 2830 927 2874 Seneca
963 2832 990 2876 l.
1029 2846 1062 2875 c.
1133 2832 1174 2875 A
1217 2832 1380 2875 Scauro
1427 2831 1614 2874 Ovidius
1659 2831 1770 2871 inter
1816 2833 2006 2869 oratores

274 2898 517 2956 appellatus
542 2899 599 2941 ib.
622 2902 661 2949 9,
685 2902 726 2950 5,
750 2902 815 2942 17.
866 2899 1046 2942 Amicus
1067 2901 1221 2943 Marcii
1242 2900 1438 2943 Marcelli
1462 2901 1516 2942 ib.
1538 2902 1576 2950 9,
1599 2902 1637 2949 6,
1659 2901 1714 2940 18
1743 2898 1797 2951 cf.
1819 2899 1858 2946 9,
1879 2898 1918 2945 5,
1939 2898 2004 2937 14.

279 2968 463 3024 Saepius
496 2982 593 3009 eum
623 2975 835 3010 memorat
866 2967 1031 3011 Seneca
1066 2972 1196 3012 contr.
1228 2973 1254 3012 9
1276 2984 1350 3024 pr.
1372 2973 1409 3019 1,
1442 2972 1482 3019 9,
1504 2972 1541 3019 1,
1565 2971 1593 3009 3
1613 2969 1686 3010 cet.
1743 2966 1854 3007 Eum
1884 2978 2006 3006 accu-

278 3037 392 3079 savit
421 3036 539 3092 apud
561 3035 793 3079 Caesarem
814 3037 1026 3092 Vinicius,
1054 3053 1080 3079 a
1100 3037 1269 3080 colonia
1289 3038 1560 3080 Narbonensi
1593 3036 1664 3091 (ab
1690 3035 1823 3089 ipsius
1835 3033 2006 3088 patria)

276 3112 454 3161 rogatus
484 3104 644 3148 Seneca
674 3108 805 3147 contr.
838 3108 874 3155 7,
906 3108 945 3156 5,
975 3109 1046 3148 12.
1101 3106 1240 3149 ‘Adeo
1272 3114 1360 3149 toto
1392 3107 1534 3148 animo
1572 3103 1851 3146 scholasticus
1882 3107 2005 3152 erat‘‚

276 3181 323 3217 ut
346 3174 511 3217 Vinicii
542 3173 711 3214 actione
741 3187 786 3214 se
817 3173 1078 3216 delectatum
1111 3189 1203 3217 esse
1234 3175 1445 3218 fateretur
1476 3174 1533 3215 ib.
1558 3173 1755 3227 (apparet
1782 3183 1867 3212 non
1896 3170 2006 3212 hanc

273 3257 359 3286 esse
380 3242 691 3285 accusationem
718 3256 769 3284 ex
787 3256 867 3295 quo
887 3243 1125 3285 maiestatis
1145 3245 1297 3298 poenis
1320 3244 1510 3297 adfectus
1540 3244 1611 3290 est,
1643 3253 1748 3294 quae
1775 3252 1860 3281 non
1891 3237 2008 3292 apud

272 3312 499 3356 Caesarem
527 3311 602 3354 sed
630 3325 775 3354 coram
804 3314 954 3354 senatu
984 3316 1179 3370 peracta*
1202 3312 1291 3369 esQ.
1351 3312 1403 3354 A.
1437 3312 1491 3353 24
1532 3315 1757 3352 accusatus
1796 3306 1867 3349 ‘ob
1906 3321 2003 3348 con-
