2242 3672
155 257 407 294 SVLPICIVS
1024 251 1107 294 285
1721 256 1975 293 SVLPICIVS

238 391 266 432 t.
298 389 372 444 2);
411 388 487 431 sed
506 404 590 444 per
619 388 824 433 maiorem
849 393 1025 445 partem
1050 390 1163 433 vitae
1190 389 1412 433 dicebatur
1440 389 1492 432 L.
1525 387 1756 445 Sulpicius,
1782 403 1866 444 per
1895 388 1977 431 ali-

236 471 364 512 quam
383 461 555 512 partem
576 458 705 501 etiam
726 459 776 503 L.
799 459 966 514 Livius,
1001 459 1055 513 ef.
1076 459 1210 513 infra.
1263 458 1356 502 Ser.
1380 457 1561 514 Sulpicii
1581 456 1764 512 Galbae,
1787 458 1880 500 eius
1900 458 1976 514 qui

238 526 472 583 praecedit,
506 533 549 570 et
578 527 814 570 Mummiae
845 527 1065 571 Achaicae
1098 527 1214 571 filius
1245 527 1359 571 Suet.
1389 526 1517 571 Galb.
1550 530 1590 578 3,
1624 526 1677 580 Q.
1705 525 1850 570 Catuli
1882 541 1977 583 pro-

237 610 371 652 nepos
401 594 516 639 Suet.
548 610 582 639 c.
612 600 645 640 2
675 598 729 651 cf.
762 611 795 640 c.
816 600 856 647 3,
889 596 1011 640 Plut.
1041 596 1169 640 Galb.
1202 601 1243 648 3,
1275 603 1402 639 natus
1433 596 1475 639 d.
1508 597 1563 639 24
1593 596 1700 639 Dec.
1734 596 1852 640 Suet.
1883 610 1918 639 c.
1949 600 1976 639 4

238 663 315 720 (ad
346 663 386 707 d.
411 667 474 708 23
502 664 606 709 Dec.
639 665 758 708 ducit
787 666 999 716 Zonaras,
1032 667 1086 720 cf.
1117 665 1267 720 infra),
1310 681 1347 708 a.
1382 666 1477 720 749,
1518 666 1679 723 quippe
1709 665 1784 722 qui
1815 665 1978 708 vixerit

236 747 373 775 annos
410 733 590 777 LXXII
623 733 714 777 Dio
744 738 808 786 64,
840 738 876 790 6,
920 750 1056 777 annos
1097 735 1275 778 LXXII
1315 734 1408 777 dies
1450 735 1612 777 XXIII
1654 736 1751 789 (scr.
1783 735 1921 777 XXII
1933 733 1975 788 ?)

237 801 398 846 Zonar.
429 805 495 854 11,
527 806 581 845 14
610 803 706 858 fin„
739 804 918 861 perierit
950 805 1078 847 tertio
1111 810 1154 847 et
1183 804 1500 861 septuagesimo
1532 804 1685 846 aetatis
1716 818 1830 846 anno
1861 803 1974 848 Suet.

237 885 271 914 c.
301 873 380 921 23,
429 870 533 914 Vict.
566 872 663 926 epit.
695 875 734 923 6,
762 876 790 915 4
829 874 884 927 cf.
922 873 1021 916 Tae.
1052 873 1091 916 h.
1122 877 1160 924 1,
1192 876 1245 916 49
1288 874 1542 929 (imperator
1581 872 1723 915 factus
1763 887 1975 915 annorum
2060 920 2061 923 Ἴ

236 939 436 983 LXXIII
457 939 574 983 Plut.
603 940 733 984 Galb.
751 944 792 993 8,
824 942 1006 997 Eutrop.
1030 946 1068 993 7,
1090 945 1144 985 16
1174 943 1229 996 cf.
1251 941 1365 985 Suet.
1389 941 1493 985 Ner.
1515 942 1600 996 40),
1634 942 1802 984 occisus
1831 947 1974 984 autem

238 1009 294 1051 sit
313 1024 350 1052 a.
374 1009 458 1052 822
481 1030 537 1044 Ξ
557 1026 600 1067 p.
622 1010 724 1054 Chr.
746 1011 801 1054 69
829 1011 870 1056 d.
896 1013 947 1054 15
971 1012 1064 1054 Ian.
1092 1012 1191 1055 Tac.
1213 1011 1253 1054 h.
1277 1014 1316 1062 1,
1338 1014 1396 1054 27
1418 1024 1499 1065 seq.
1529 1011 1581 1064 cf.
1606 1011 1750 1064 infra‚·
1779 1010 1854 1053 sed
1881 1024 1977 1053 con·

236 1077 347 1121 sules
377 1079 484 1121 anni
513 1082 593 1122 751
613 1081 744 1134 ponit
764 1080 879 1124 Suet.
903 1095 936 1124 c.
959 1085 1012 1133 4,·
1043 1084 1083 1124 et
1106 1081 1206 1136 fieri
1224 1083 1379 1136 potest,
1411 1083 1460 1122 ut
1478 1080 1599 1134 sarna
1627 1078 1795 1123 Galbae
1817 1079 1979 1134 aliquot

238 1160 373 1190 annos
403 1147 631 1193 addiderit.
694 1149 833 1192 Natus
864 1151 909 1192 in
939 1149 1047 1192 villa
1078 1149 1176 1192 colli
1208 1150 1493 1207 superposita,
1528 1163 1664 1205 prope
1694 1148 1976 1191 Terracinam

236 1216 533 1260 sinistrorsum
553 1217 734 1260 Fundos
766 1218 1015 1275 petentibus
1039 1219 1155 1263 Suet.
1183 1233 1216 1261 c.
1239 1222 1278 1269 4,
1310 1218 1470 1261 scilicet
1499 1218 1545 1260 in
1574 1216 1679 1260 villa
1704 1232 1830 1272 quam
1851 1219 1978 1272 pater

237 1286 328 1329 eius
359 1301 387 1328 a
416 1287 654 1329 maioribus
683 1291 916 1342 acceperat,
951 1291 1051 1331 teste
1082 1287 1204 1331 titulo
1231 1288 1323 1343 ipso
1355 1287 1429 1330 illo
1459 1287 1547 1330 loco
1576 1289 1744 1341 reperto
1773 1285 1822 1328 X
1848 1287 1974 1334 6323,

236 1355 291 1409 cf.
326 1354 565 1398 Mommsen
594 1355 653 1398 ad
676 1356 709 1398 I
731 1359 812 1400 576
852 1357 1040 1412 (Fundis
1080 1371 1210 1412 agere
1251 1355 1416 1399 solebat
1456 1356 1584 1398 etiam
1625 1355 1771 1397 senior
1802 1354 1974 1398 Sueten.

218 1423 272 1466 ⁴c.
302 1424 363 1479 8).
406 1449 459 1455 -
499 1423 746 1481 Adoptatus
786 1440 813 1468 a
852 1440 1042 1468 noverca
1082 1441 1162 1468 sua
1206 1426 1354 1480 (Livia
1393 1423 1609 1478 Ocellina)
1650 1424 1819 1468 Sueton.
1861 1437 1895 1467 c.
1936 1425 1974 1472 4,

237 1491 354 1535 Livii
398 1508 554 1536 nomen
599 1500 642 1536 et
681 1493 860 1538 Ocellae
901 1509 1142 1551 cognomen
1188 1495 1421 1551 assumpsit
1464 1499 1628 1536 mutato
1674 1492 1977 1549 praenomine,

237 1575 339 1603 nam
357 1562 542 1605 Lucium
567 1578 670 1606 mox
701 1578 779 1620 pro
803 1564 957 1607 Servio
988 1578 1128 1620 usque
1157 1563 1214 1606 ad
1243 1570 1415 1619 tempus
1446 1562 1615 1619 imperii
1636 1560 1866 1617 usurpavit
1894 1559 1977 1613 ib.;

237 1633 277 1672 et
314 1644 410 1674 vere
449 1631 606 1674 dicitur
645 1633 695 1675 L.
733 1632 855 1689 Sulp.
892 1633 938 1675 in
978 1633 1260 1675 mentionibus
1297 1631 1539 1675 consulatus
1570 1631 1603 1674 I
1628 1634 1722 1673 770.
1755 1631 1835 1671 771
1866 1628 1976 1683 (tesS.

232 1699 438 1754 yladiat„
433 1714 441 1722 ·
482 1700 576 1744 Ser.
610 1701 828 1758 Sulpicius
856 1701 1000 1747 Galba
1029 1702 1076 1745 in
1104 1702 1234 1756 fastis
1265 1700 1451 1744 Nolanis
1474 1700 1522 1743 X
1538 1702 1650 1743 1233
1677 1699 1754 1741 sub
1787 1711 1886 1740 ann.
1907 1700 1976 1746 33,

236 1768 312 1811 sed
339 1770 413 1824 qui
439 1770 634 1825 videntur
653 1773 894 1826 posteriore
925 1775 1108 1827 tempore
1133 1770 1399 1827 perscripti),
1433 1773 1557 1825 atque
1589 1770 1716 1812 etiam
1747 1768 1979 1822 imperator

239 1838 285 1880 in
303 1837 496 1894 Aeyypto
525 1839 675 1883 saltem
707 1840 927 1884 dicebatur
947 1842 1115 1889 Λούκιος
1134 1842 1268 1898 Λίβιος
1293 1841 1493 1899 Σεβαστὸς
1519 1839 1752 1884 Σουλπίκιος
1783 1835 1977 1920 Γάλβα(ς)

238 1907 493 1965 αὐτοκράτωρ
526 1908 648 1953 GIG.
678 1913 800 1961 4957,
843 1911 967 1955 Λουκ.
1008 1911 1094 1969 Λιβ.
1137 1911 1286 1954 Σουλπ.
1330 1911 1361 1953 Γ
1364 1909 1527 1967 αλβα(ς)
1564 1907 1680 1951 Καισ.
1714 1907 1794 1964 Σεβ
1838 1905 1901 1947 αὐ.
1931 1903 1978 1945 in

234 1979 365 2031 parte
402 1991 669 2021 nummorum
705 1979 1118 2031 Alexandrinorum,
1163 1979 1363 2022 Mionnet
1402 1978 1470 2022 VI
1484 1993 1533 2033 Ρ.
1567 1976 1662 2020 741'5
1700 1990 1741 2020 n.
1772 1976 1890 2019 245-
1895 1975 1979 2015 260

238 2043 330 2097 (nec
351 2049 491 2093 tamen
512 2051 762 2103 constanter,
796 2051 845 2091 ut
872 2049 1052 2092 ostendit
1073 2052 1102 2092 t.
1123 2048 1190 2104 5);
1219 2047 1382 2104 (Galba
1402 2046 1584 2090 Libolus
1607 2046 1711 2100 fasti
1736 2044 1795 2087 Η
1782 2042 1981 2099 Jdatianc

237 2115 314 2158 sub
357 2130 469 2159 anno
497 2119 568 2168 33,
610 2118 794 2171 fortasse
828 2132 917 2172 pro
949 2117 1091 2163 Galba
1128 2118 1290 2173 Livio).
1358 2116 1424 2172 Cf.
1457 2119 1689 2172 praeterea
1727 2127 1862 2168 supra
1900 2110 1976 2153 sub

242 2184 294 2226 L.
327 2184 450 2228 Livio
481 2185 638 2229 Ocella.
1131 2243 1133 2245 Ι

325 2254 563 2310 Imperium
594 2256 632 2297 ei
663 2256 935 2313 praedixisse
966 2256 1168 2299 feruntur
1188 2255 1414 2311 Augustus
1435 2254 1550 2299 Suet.
1583 2267 1616 2298 c.
1647 2257 1674 2296 4
1705 2258 1747 2295 et
1777 2249 1979 2294 Tiberius

233 2322 398 2377 Ioseph.
423 2327 510 2366 ant.
539 2327 605 2375 18,
638 2328 675 2376 6,
708 2328 748 2377 9,
786 2326 885 2369 Tac.
916 2341 954 2368 a.
984 2329 1022 2377 6,
1054 2329 1126 2376 20,
1157 2325 1246 2368 Dio
1274 2328 1340 2376 57,
1373 2328 1440 2369 19.
1472 2328 1538 2374 64,
1570 2327 1620 2375 1,·
1652 2322 1706 2376 cf.
1739 2320 1852 2364 Suet.
1882 2332 1916 2360 c.
1938 2320 1977 2359 4.

239 2391 406 2447 Togam
445 2392 617 2435 virilem
654 2396 838 2451 sumpsit
877 2394 965 2437 kal.
1008 2395 1098 2439 Ian.
1140 2410 1178 2437 a.
1212 2394 1294 2437 767
1337 2394 1398 2451 (p.
1429 2393 1533 2436 Chr.
1567 2393 1639 2446 14)
1681 2390 1770 2433 Dio
1809 2391 1875 2438 56,
1907 2388 1976 2429 29·

241 2460 436 2503 Uxorem
468 2461 596 2505 duxit
626 2462 896 2519 (Aemiliam)
928 2463 1142 2520 Lepidam
1182 2463 1244 2518 (A
1272 2463 1378 2518 296)
1409 2462 1522 2507 Suet.
1556 2476 1590 2504 c.
1620 2463 1671 2512 5,·
1712 2475 1737 2501 a
1778 2471 1864 2513 qua
1903 2453 1977 2496 ab·

239 2528 400 2572 ducere
431 2545 531 2573 eum
561 2532 728 2576 studuit
757 2532 1015 2590 Agrippina,
1041 2532 1118 2575 sed
1149 2532 1312 2576 frustra
1340 2533 1397 2577 ib.
1457 2531 1633 2575 Amissa
1663 2526 1843 2584 Lepida,
1874 2522 1977 2565 duo-

240 2597 409 2655 busque
439 2614 495 2642 ex
526 2615 577 2642 ea
606 2600 718 2656 filiis,
751 2603 959 2644 remansit
989 2603 1033 2644 in
1064 2601 1279 2645 caelibatu
1300 2602 1355 2645 ib.
1403 2599 1671 2645 Observavit
1700 2602 1800 2638 ante
1830 2606 1978 2636 omnes

239 2667 415 2710 Liviam
446 2667 648 2712 Caesaris
678 2669 881 2726 Augusti,
919 2672 1099 2728 eiusque
1130 2671 1273 2726 gratia
1306 2670 1543 2727 plurimum
1573 2666 1712 2710 valuit
1742 2663 1855 2708 Suet.
1888 2675 1921 2703 c.
1951 2662 1976 2702 5

239 2737 412 2790 (Liviae
442 2737 543 2780 κατὰ
572 2738 685 2795 (ένος
707 2742 928 2803 προσήκων
960 2739 1077 2783 Plut.
1118 2738 1245 2782 Galb.
1277 2742 1305 2782 3
1335 2739 1390 2793 cf.
1425 2752 1458 2783 c.
1490 2741 1557 2788 14,
1600 2742 1644 2778 et
1675 2734 1729 2777 ob
1760 2746 1855 2775 eam
1886 2743 1976 2771 rem

240 2806 376 2863 lisiiag
415 2808 701 2866 παρασχούσης
737 2825 883 2855 υπατος
922 2809 967 2852 ἐκ
1010 2808 1210 2851 Παλατίου
1252 2808 1433 2865 προῆλθε
1475 2806 1596 2849 Plut.
1627 2819 1660 2847 6.
1692 2807 1719 2846 3
1760 2814 1902 2844 errore
1931 2800 1978 2839 ut

236 2875 425 2926 videtum
453 2890 555 2918 narn
580 2878 708 2919 Livia
739 2877 939 2932 defuncta
970 2881 1030 2920 est
1060 2881 1157 2920 ante
1188 2877 1451 2920 consulatum
1479 2874 1678 2928 Galbae).
1730 2869 1977 2914 Defunctass

240 2946 333 2987 eius
366 2952 620 2988 testamento
652 2946 709 3001 (a.
742 2947 911 2989 782—
855 2966 911 2971 -
943 2962 983 3003 p.
1017 2946 1119 2990 Chr.
1151 2947 1224 3000 29)
1266 2961 1405 3003 paene
1445 2945 1630 2997 ditatus3
1677 2939 1753 2983 sed
1795 2939 1975 2980 circum-

241 3014 427 3070 scriptus
458 3029 485 3056 a
514 3014 690 3057 Tiberio
721 3015 834 3058 Suet.
867 3015 894 3058 l.
927 3029 959 3057 c.
1022 3015 1222 3057 Honores
1266 3015 1362 3056 iniit
1400 3020 1500 3056 ante
1536 3011 1775 3065 legitimum
1807 3012 1975 3059 tempus

241 3082 356 3126 Suet.
391 3096 423 3125 c.
457 3086 494 3127 6.
552 3083 755 3138 Praetor,
798 3099 896 3126 cum
935 3083 1060 3126 ludos
1101 3083 1295 3126 Florales
1337 3082 1497 3137 ederet,
1538 3093 1700 3122 novum
1740 3069 1973 3131 spectassuh

240 3165 391 3206 genus,
426 3151 678 3208 elephantos
710 3152 1002 3207 funambulos,
1043 3151 1244 3195 exhibuit
1272 3152 1387 3196 Suet.
1421 3151 1447 3193 l.
1480 3164 1513 3194 c.
1574 3149 1766 3201 Legatus
1798 3155 1876 3198 pro
1908 3154 1973 3196 ΡΥ·

240 3219 516 3276 Aquitaniae,
548 3221 617 3263 cui
643 3236 756 3264 anno
780 3221 869 3264 fere
891 3221 1112 3276 (78415—
1056 3252 1112 3256 —
1113 3236 1173 3276 Ρ.
1192 3220 1297 3264 Chr.
1317 3220 1418 3263 31l2
1428 3219 1469 3272 2)
1492 3216 1681 3274 praefuit
1701 3214 1758 3256 eb.
1810 3206 1974 3253 Consul

241 3288 333 3331 ord.
363 3304 400 3332 a
435 3289 518 3332 786
545 3309 602 3325 =
631 3305 672 3347 p.
706 3290 808 3335 Chr.
840 3291 894 3334 33
934 3305 1032 3333 cum
1071 3291 1122 3334 L.
1155 3289 1355 3332 Cornelio
1399 3287 1520 3331 Sulla
1550 3283 1695 3327 Felice
1726 3279 1853 3334 fasti,
1897 3290 1974 3332 per

241 3371 320 3400 sex
358 3372 526 3400 menses
566 3357 704 3402 fasces
743 3358 895 3403 habuit
929 3359 1044 3404 Suet.
1085 3358 1112 3401 l.
1144 3372 1178 3403 c.
1237 3358 1429 3412 Legatus
1469 3368 1547 3412 pro
1587 3367 1651 3409 pr.
1693 3344 1974 3404 (Germamae
