2242 3672
320 265 650 304 VETTVLENVS
1068 248 1071 251 ’
1179 254 1263 297 416
1819 261 2128 298 VETTVLENA

405 397 591 454 praefuit
620 396 779 451 legioni
810 395 987 451 quintae
1018 392 1364 447 (Macedonicae)
1394 391 1561 447 Ioseph.
1597 392 1691 438 bell.
1719 395 1760 444 3,
1781 395 1821 444 7,
1842 397 1902 438 32
1931 394 2128 453 (ἔπαρχος

405 468 459 509 ὢν
490 470 558 509 τοῦ
579 465 755 521 πέμπτου
777 462 1004 519 τάγματος).
1036 465 1075 512 6,
1096 465 1135 511 4,
1156 464 1184 503 3
1214 461 1277 515 (τὸ
1310 461 1488 518 πέμπτον
1519 462 1631 519 ἄγων
1660 464 1832 520 τάγμα);
1863 472 2128 509 memoratur

402 534 458 576 ib.
479 537 517 584 3,
541 537 578 583 7,
600 536 653 575 34
680 531 769 583 (sed
788 532 841 585 cf.
863 530 1014 585 infra).
1045 534 1085 581 4,
1107 533 1145 580 9,
1168 533 1207 573 9.
1239 533 1277 581 6,
1299 533 1343 580 2,
1364 532 1392 573 5
1410 530 1483 574 vit.
1501 533 1566 574 75.
1617 531 1792 575 Videtur
1811 533 1944 587 fuisse
1964 534 2126 590 legatus

404 602 600 656 leyionis;
639 602 847 657 χιλίαρχος
880 603 919 650 3,
953 602 991 649 7,
1022 602 1076 641 34
1107 602 1182 641 aut
1211 613 1354 642 errore
1384 599 1639 654 appellatur,
1680 614 1773 643 cum
1802 601 1850 644 id
1876 603 2126 647 vocabulum

397 671 613 724 pertineat
633 668 691 711 ad
710 683 801 711 eum
822 669 894 722 qui
914 667 1066 723 paullo
1083 670 1185 722 post
1203 671 1461 710 memoratur
1481 668 1709 712 Placidum
1731 696 1783 701 —
1803 671 1865 713 sic
1888 671 2126 715 Mommsen
2188 705 2192 710 .

400 738 489 792 eph.
516 753 578 793 ep.
599 741 626 780 4
647 752 694 792 p.
714 741 797 780 499
825 762 894 787 —‚
928 740 1003 779 aut
1033 735 1146 779 alius
1173 736 1444 792 intelleyitur,
1469 739 1727 792 praesertim
1757 753 1851 782 cwm
1870 754 1984 795 pasrs
2011 740 2125 784 codi-

400 821 491 849 cum
523 807 592 862 (cf.
623 808 770 863 supra)
802 805 879 848 hoc
911 805 998 848 loco
1029 804 1152 848 aliud
1178 819 1329 848 nomen
1357 805 1527 851 habeat.
1577 807 1775 851 Devictis
1793 808 1970 851 Iudaeis
1989 808 2124 853 tradit

399 876 636 918 exercitum
666 874 834 917 Lucilio
871 874 1005 917 Basso
1038 874 1202 929 Ioseph.
1236 873 1329 918 bell.
1361 877 1401 925 7,
1431 877 1469 926 6,
1500 878 1539 919 1.
1608 875 1814 920 Fortasse
1851 876 1920 920 hic
1957 882 2124 934 (nomen

396 945 548 999 periit)
570 959 596 986 a
616 945 668 986 T.
690 943 876 987 Caesare
897 942 1219 1000 triumphaturo
1242 943 1367 986 donis
1392 942 1653 987 militaribus
1673 945 1918 1002 duplicibus
1938 945 2123 990 donatus

402 1012 525 1055 VIII
547 1012 593 1056 S.
619 1014 757 1056 12536
795 1012 890 1068 (sed
922 1013 978 1066 ef.
1017 1025 1152 1066 supra
1190 1011 1267 1054 sub
1309 1011 1375 1054 M.
1413 1012 1543 1056 Tittio
1571 1012 1743 1069 Fruyi).
1811 1014 2002 1070 Legatus
2041 1029 2120 1072 pro

395 1096 458 1137 pr.
510 1082 612 1138 imp.
658 1082 916 1138 Vespasiani
964 1081 1231 1137 (provinciae
1283 1080 1474 1124 Moesiae
1522 1082 1758 1138 inferioris)
1807 1086 1834 1128 t.
1883 1082 2123 1127 Heracleae

397 1148 645 1193 Chersonesi
677 1164 764 1205 rep.
778 1184 788 1201 ,
831 1165 901 1205 ap.
936 1149 1168 1205 Latyschev
1202 1150 1330 1192 inser.
1366 1149 1498 1193 Ponti
1529 1151 1698 1194 Euxini
1725 1152 1761 1195 I
1794 1166 1839 1195 n.
1867 1154 1953 1195 197
1983 1149 2121 1206 (quem

394 1218 519 1261 huius
547 1232 633 1261 esse
661 1219 749 1261 iam
779 1220 1044 1262 consentiunt
1062 1217 1296 1273 Latyschcv
1326 1217 1354 1260 l.
1386 1233 1421 1262 c.
1452 1222 1492 1262 et
1511 1220 1750 1264 Mommsen
1769 1220 1859 1265 III
1871 1220 1918 1266 S.
1942 1235 1991 1276 p.
2010 1223 2120 1265 1961

391 1290 570 1342 propter
591 1286 714 1330 Sexti
727 1302 1001 1342 praenomen,
1026 1302 1119 1331 cum
1144 1293 1273 1334 antea
1292 1292 1527 1334 Mommsen
1546 1289 1659 1345 Eph.
1681 1304 1742 1345 ep.
1764 1293 1791 1333 4
1808 1304 1855 1345 p.
1877 1292 1960 1333 499
1987 1291 2120 1333 rettu-

395 1356 509 1399 lisset
549 1355 607 1398 ad
645 1370 737 1398 eum
767 1358 841 1411 qui
871 1358 1094 1413 sequitur).
1155 1359 1301 1403 Potest
1331 1363 1462 1415 pater
1497 1372 1583 1402 esse
1620 1360 1710 1402 eius
1746 1359 1820 1414 qui
1846 1359 2046 1414 sequitur,
2079 1358 2120 1402 si

392 1425 593 1467 sumimus
623 1439 715 1467 eum
744 1426 865 1468 tarde
895 1426 954 1468 ad
980 1426 1159 1470 honores
1176 1430 1430 1483 pervenisse.

306 1493 389 1535 352
421 1499 461 1536 O.
493 1500 824 1551 VETTVLENVS
867 1502 1035 1538 elvloA
1077 1502 1309 1540 GERIALIS
1350 1498 1429 1554 (sic
1459 1497 1561 1552 dipl.
1592 1497 1697 1549 mil„
1740 1495 1893 1541 Civica
1921 1497 2116 1542 Cerealis

392 1561 522 1613 Suet„
545 1562 697 1606 Civica
718 1564 847 1619 Tac.)-
884 1563 1042 1608 Consul
1060 1564 1261 1618 suffectus
1273 1570 1380 1622 puto
1394 1566 1548 1622 paullo
1569 1569 1666 1608 ante
1689 1579 1847 1609 annum
1868 1570 1934 1617 77,
1955 1566 2115 1611 scilicet

387 1630 539 1685 paullo
575 1635 671 1675 ante
699 1632 972 1688 Ayricolam,
1015 1635 1069 1689 cf.
1102 1635 1225 1689 infra
1256 1635 1305 1679 de
1334 1636 1658 1691 proconsulatu.
1717 1636 1910 1690 Legatus
1940 1649 2019 1692 pro
2048 1651 2114 1694 pr.

389 1701 638 1755 provinciae
657 1702 847 1744 Moesiae
868 1703 1122 1757 (inferioris)
1144 1719 1181 1747 a.
1199 1705 1254 1748 82
1276 1705 1376 1760 dipl.
1393 1705 1481 1748 mil.
1498 1705 1661 1761 (IIIS.
1675 1720 1723 1760 p.
1736 1707 1876 1762 1960).
1906 1703 2116 1760 (Titulwm

388 1767 622 1825 Ponticum,
659 1770 709 1813 de
734 1785 814 1825 quo
846 1772 900 1826 cf.
917 1773 994 1815 sub
1026 1787 1071 1815 eo
1094 1773 1326 1828 praecedit,
1357 1788 1445 1817 non
1473 1774 1600 1818 huius
1625 1788 1711 1818 esse
1731 1773 1916 1818 Cerialis
1934 1773 2116 1819 ostendit

383 1851 657 1891 praenomen.
698 1839 900 1884 Attamen
919 1842 1041 1884 valde
1060 1843 1215 1885 mirum
1235 1846 1306 1894 est,
1330 1843 1492 1887 duobus
1510 1843 1832 1899 consanyuineis
1843 1844 2116 1899 provinciam

388 1919 480 1948 cum
510 1908 694 1951 exercitu
723 1912 812 1951 tam
843 1910 960 1953 brevi
985 1911 1050 1953 vel
1079 1912 1207 1954 etiam
1232 1912 1354 1955 'nullo
1373 1913 1597 1956 intervallo
1618 1913 1823 1956 creditam
1844 1914 1960 1969 esse).
2007 1913 2115 1956 Pro-

388 1975 537 2018 consul
566 1975 699 2019 Asiae
735 1978 833 2021 Tac.
864 1978 972 2034 Ayr.
1003 1983 1074 2030 42,
1106 1979 1223 2023 Suet.
1255 1980 1382 2026 Dom.
1410 1985 1475 2032 10,
1516 1980 1662 2039 paullo
1695 1988 1795 2025 ante
1825 1996 1955 2039 quam
1983 1982 2113 2038 Agri-

384 2042 503 2085 colae
524 2043 577 2086 de
606 2046 916 2102 proconsulatu
947 2048 1212 2091 sortiendum
1243 2056 1336 2091 erat
1362 2049 1461 2092 Tac.
1485 2049 1511 2093 l.
1535 2063 1569 2092 c.
1601 2050 1646 2106 (i.
1669 2064 1701 2093 e.
1724 2050 1839 2092 circa
1861 2063 2019 2094 annum
2037 2052 2111 2102 88,

387 2112 442 2164 cf.
482 2112 768 2169 Waddinyton
807 2117 940 2170 fastes
978 2131 1020 2159 n.
1050 2120 1164 2173 104).
1225 2117 1407 2161 Occisus
1444 2133 1471 2160 a
1509 2118 1761 2160 Domitiano
1799 2119 1845 2160 in
1882 2118 1976 2176 ipso
2013 2133 2111 2176 pro·

385 2181 610 2224 consulatu
645 2183 743 2229 Tac.
775 2184 801 2226 l.
834 2199 881 2235 e„
915 2185 1032 2228 Suet.
1066 2186 1091 2230 l.
1124 2199 1157 2228 e.
1208 2185 1353 2229 Potest
1383 2199 1485 2228 avus
1515 2199 1601 2229 esse
1631 2187 1721 2229 eius
1748 2186 1823 2241 qui
1849 2187 2050 2242 sequitur.

299 2248 382 2291 353
413 2256 519 2293 SEX.
550 2258 882 2296 VETTVLENVS
913 2255 995 2308 (vel
1013 2261 1316 2298 VETVLENVS
1345 2255 1410 2298 vel
1431 2255 1768 2310 VETVLENIVS)
1800 2261 1968 2299 CIVIOA
1987 2261 2108 2298 POM-

383 2323 597 2362 PEIANVS
629 2321 750 2375 (Sex,
773 2323 1033 2366 Vettulenus
1055 2323 1206 2367 Civica
1227 2325 1514 2381 Pompeianus
1533 2323 1660 2368 XIV
1678 2327 1807 2375 2112,
1841 2323 1943 2367 Sex.
1974 2324 2107 2368 Vetu-

384 2384 507 2428 lenus
538 2387 690 2432 Civica
719 2390 1011 2447 Pompeianus
1044 2392 1113 2436 VI
1131 2396 1232 2448 975,
1267 2393 1460 2449 [Se]xtus
1490 2392 1750 2449 Vetuslenus
1781 2392 1934 2436 Civica
1962 2392 2106 2450 P]om-

384 2455 563 2509 peianus
593 2457 683 2500 III
707 2462 802 2510 720,
834 2460 968 2515 [SJex.
990 2460 1281 2517 Vetul[e]nius
1313 2461 1496 2517 Civi[ca]
1529 2462 1819 2518 Pompeianus
1838 2461 1920 2505 XI
1923 2461 2105 2514 V2852‚

386 2521 486 2565 Sex.
529 2523 680 2569 Civica
719 2528 1008 2585 Pompeianus
1050 2529 1119 2573 VI
1141 2533 1280 2572 31144
1318 2550 1375 2565 =
1412 2530 1583 2573 Notieie
1612 2532 1721 2573 1886
1750 2544 1798 2584 p.
1828 2533 1913 2581 20,
1954 2529 2107 2573 Civica

383 2591 672 2648 Pompeianus
719 2595 787 2638 VI
817 2600 982 2649 10242,
1035 2597 1189 2642 Civica
1226 2598 1326 2641 XV
1345 2601 1473 2650 1056,
1522 2599 1814 2655 Pompeianus
1852 2597 1953 2642 XV
1982 2600 2103 2650 1058,

385 2658 726 2716 chronoyraphus
767 2678 806 2706 a.
837 2668 931 2716 354,
972 2666 1081 2720 fasti
1107 2657 1268 2721 Hydat.
1300 2667 1408 2722 cet..)
1478 2665 1642 2710 Consul
1678 2665 1770 2710 ord.
1811 2681 1849 2709 a.
1883 2667 1966 2709 136
2004 2680 2105 2709 cum

381 2727 432 2772 L.
465 2727 642 2773 Ceionio
675 2731 911 2776 Commodo
941 2735 1060 2788 fasti.

296 2794 381 2837 354
410 2802 740 2842 VETTVLENVS
783 2808 1082 2852 QVADRATVS
1121 2803 1361 2860 q(uaest0r)
1412 2807 1440 2848 t.
1484 2803 1656 2847 Siculus
1698 2803 1747 2847 X
1783 2806 1908 2849 7245.
1977 2803 2104 2848 Uxor

381 2863 584 2907 Pituania
614 2866 663 2910 G.
693 2868 723 2910 f.
754 2869 808 2911 ib.

297 2929 378 2972 355
410 2937 452 2974 T.
493 2934 859 2989 VE[TT]VLENVS
900 2945 1196 2990 QVADRATVS
1243 2940 1348 2995 (pro
1390 2940 1649 2983 Vettulenus
1694 2941 1741 2983 in
1785 2940 2000 2984 codicibus
2041 2944 2104 2984 est
2178 2932 2181 2934 ’

381 2998 650 3045 Veibulenus
680 3005 744 3046 vel
771 3005 1052 3063 Velbulenus,
1084 3008 1159 3051 sed
1186 3008 1445 3051 Vettulenus
1464 3009 1529 3052 vel
1547 3008 1787 3052 Vetulenus
1819 3008 2102 3064 adsmptum

380 3072 607 3119 praeterea
635 3072 859 3115 Vettulen-
899 3076 1097 3129 firmatur
1124 3078 1292 3119 nomine
1332 3077 1480 3132 filiae),
1513 3078 1563 3120 P.
1595 3077 1636 3131 f.,
1674 3077 1789 3133 Qui„
1821 3093 1901 3134 pr„
1931 3091 2100 3134 procos.

381 3140 432 3176 tr.
462 3136 520 3191 pl.
552 3141 577 3180 t.
606 3141 798 3184 urbanus
826 3144 950 3186 semel
978 3158 1086 3186 saec.
1103 3145 1152 3187 X
1161 3145 1459 3200 Vdescriptus
1491 3145 1560 3188 VI
1569 3149 1707 3188 31773
1733 3166 1790 3181 =
1817 3145 1934 3189 Bull.
1962 3160 2100 3189 comu-

381 3203 478 3246 nale
506 3209 615 3249 1893
640 3223 682 3262 p.
704 3212 797 3252 184.
858 3211 1091 3254 Vettulena
1120 3213 1244 3256 Polla
1272 3213 1363 3255 filia
1390 3214 1448 3256 ib.

295 3269 378 3310 356
408 3277 710 3317 VETTVLENA
740 3284 903 3320 POLLA
935 3280 1101 3332 (Vetul-
1143 3282 1252 3324 alter
1290 3295 1341 3323 ex
1371 3281 1531 3325 duobus
1570 3283 1782 3325 codicibus
1810 3284 1858 3326 in
1884 3283 2038 3338 quibus
2067 3287 2094 3328 t.

380 3337 560 3395 leyitur),
591 3341 682 3385 filia
712 3345 803 3387 eius
834 3348 908 3402 qui
938 3349 1159 3403 praecedit
1190 3352 1216 3391 t.
1238 3350 1430 3392 urbanus
1454 3350 1526 3406 (ef.
1547 3351 1623 3393 sub
1646 3365 1691 3394 eo
1722 3352 1798 3406 qui
1816 3351 2066 3408 praecedit).
