2242 3672
121 262 364 302 VERGILIV
367 265 391 302 S
995 259 1076 304 401
1674 267 1943 306 VERGILIVS

206 397 279 453 (cf.
300 398 493 442 Ribbeck
514 398 564 442 de
582 399 655 442 vit.
686 402 726 442 et
744 399 917 454 scriptis
948 399 1139 455 Vergilii,
1169 399 1216 443 in
1237 399 1299 443 ed.
1326 399 1447 456 Very.
1468 401 1646 453 minore,
1660 415 1708 456 p.
1724 400 1952 445 XXVIII

204 471 289 511 not.
310 470 338 511 3
366 467 472 524 fin).

118 536 203 580 275
233 536 479 593 Vergilius,
522 537 780 593 tragoedus,
822 537 1090 594 temporibus
1119 538 1327 581 Neronis:
1373 539 1465 582 eius
1499 554 1651 582 servus
1685 538 1826 597 Glyco
1856 546 1943 583 tra-

204 606 371 662 goedus
401 606 529 650 schol.
561 606 677 649 Pith.
711 606 771 650 ad
798 607 917 651 Pers.
948 611 1030 650 sat.
1062 610 1101 657 5,
1129 611 1168 652 9.

118 674 203 718 276
234 674 314 719 Cn.
347 675 570 731 Vergilius
601 675 758 732 Capito
790 675 890 729 (Cn.
912 676 1166 732 Vergil[ius]
1200 675 1355 733 Capito
1389 679 1415 718 t.
1439 680 1478 728 1,
1511 678 1654 726 Γναῖος
1679 677 1942 737 Οὐ[εργι’]λιος

202 742 393 788 Καπίτων
414 748 443 787 t.
464 745 528 799 2),
550 744 795 802 praefectus
815 745 1009 802 Aegypti
1030 746 1121 788 III
1133 749 1246 789 6024
1267 744 1349 798 (1),·
1377 745 1527 789 GIGr.
1547 749 1658 790 4956
1676 743 1753 803 (2),
1781 763 1819 791 a.
1841 749 1940 792 47s8

203 816 231 856 t.
253 817 280 856 1
305 814 535 869 (successor
562 817 612 856 ut
631 814 797 857 videtur
817 811 860 859 0.
883 814 994 857 Iulii
1011 814 1235 869 Postumi),
1268 813 1356 857 kal.
1379 814 1511 860 Febr.
1534 831 1572 861 a.
1589 816 1644 859 49
1667 819 1694 861 t.
1712 820 1756 860 2.
1797 817 1942 861 Huius

199 885 248 925 ut
264 882 430 926 videtur
450 882 635 938 Vergilii
668 883 777 937 (sine
799 897 932 926 causa
957 883 1097 926 editur
1117 883 1336 939 Verginii)
1370 882 1595 941 Capitonis
1627 899 1792 941 servuS,
1825 902 1862 931 a.
1886 888 1941 929 69

201 951 486 994 Tarracinam
525 968 552 995 a
590 951 813 995 Flavianis
855 959 1110 1009 occupatam
1148 952 1200 995 L.
1232 951 1409 995 Vitellio
1445 953 1660 1010 prodidit3
1702 970 1729 997 a
1760 955 1938 999 Vitellio

204 1020 346 1063 anulis
378 1021 576 1076 donatus,
610 1021 839 1064 interfecto
860 1021 1036 1064 Vitellio
1068 1022 1186 1063 cruci
1216 1021 1376 1064 affixus
1403 1029 1467 1065 est
1490 1023 1591 1065 Tac.
1614 1023 1656 1066 h.
1676 1026 1714 1075 3,
1740 1027 1805 1069 77.
1836 1028 1875 1076 4,
1899 1028 1939 1068 3.

114 1089 198 1133 277
229 1089 491 1146 (Vergilius)
532 1090 739 1146 Flaccus,
782 1090 918 1133 frater
956 1090 1151 1133 Maronis
1193 1090 1395 1134 Donatus
1431 1092 1502 1136 vit.
1547 1091 1667 1148 Vcry.
1709 1092 1842 1148 (Suet.
1875 1094 1938 1136 ed.

42 1210 44 1213 .
200 1158 514 1212 Reifferscheid
531 1175 581 1215 p.
601 1162 687 1216 58).

113 1228 198 1272 278
227 1228 288 1271 Μ.
311 1228 533 1285 Vergilius
556 1228 710 1273 Gallus
734 1229 907 1279 Lusius,
940 1228 1000 1271 M.
1033 1228 1061 1271 f.
1094 1229 1306 1284 (fortasse,
1340 1232 1568 1283 antequam
1595 1244 1624 1272 a
1655 1230 1721 1274 M.
1754 1230 1940 1286 Veryilio

199 1298 490 1354 adoptaretur,
524 1299 660 1342 dictus
681 1298 733 1343 A.
757 1299 917 1341 Lusius
940 1297 1106 1353 Gallus,
1138 1301 1187 1340 ut
1215 1297 1345 1353 filius,
1379 1299 1433 1352 cf.
1455 1299 1590 1353 infra,
1621 1313 1772 1343 nomen
1792 1302 1940 1356 patris

200 1365 439 1423 antiquum¹
468 1369 730 1425 retinuerit),
783 1367 900 1410 tribu
945 1367 1045 1411 Ter.
1101 1367 1282 1423 (oriqine
1338 1366 1647 1422 Venafranus);
1695 1370 1940 1428 primipilus

199 1436 385 1493 legionis
417 1438 505 1493 XI,
539 1437 786 1495 praefectus
818 1436 1007 1479 cohortis
1038 1436 1271 1490 Ubiorum,
1303 1436 1490 1479 donatus
1520 1436 1646 1480 donis
1675 1438 1938 1482 militaribus

200 1522 227 1549 a
255 1506 358 1550 divo
388 1506 590 1563 Augusto
625 1513 669 1549 et
708 1522 734 1549 a
774 1507 841 1550 Ti.
873 1505 1062 1550 Caesare
1094 1505 1317 1561 Augusto,
1361 1505 1607 1563 praefectus
1646 1506 1820 1551 fabrum
1861 1516 1937 1564 ter,

198 1575 401 1620 tribunus
460 1575 648 1619 militum
705 1575 895 1618 cohortis
945 1576 1113 1632 primae
1174 1575 1433 1632 [praetoriae
1487 1576 1757 1620 inserendum
1808 1581 1939 1633 putat

199 1645 468 1702 Mommsen],
497 1645 744 1702 idi0[lo]gus
765 1644 819 1687 ad
841 1644 1117 1701 Aegyptum3
1148 1643 1331 1686 Venafri
1353 1643 1510 1686 duovir
1540 1644 1695 1687 iterum
1728 1653 1771 1689 et
1798 1649 1938 1704 ponti-

197 1714 272 1757 fex
303 1718 331 1759 t.
363 1714 637 1770 Venafranus
656 1714 706 1757 X
722 1716 848 1758 4862.
895 1712 1031 1756 Filia:
1064 1713 1201 1755 Lusia
1230 1712 1291 1755 M.
1324 1712 1352 1754 f.
1384 1712 1608 1768 Paullina3
1639 1728 1797 1769 gener:
1835 1715 1935 1759 Sex.

197 1783 461 1828 Vettulenus
493 1783 677 1828 Cerialis
709 1783 766 1826 ib.
827 1782 966 1825 Filius
998 1782 1086 1837 (viae
1117 1781 1362 1836 priviynus)
1403 1781 1458 1825 A.
1489 1782 1650 1825 Lusius
1681 1783 1735 1828 A.
1768 1784 1798 1829 f.
1836 1784 1937 1829 Ter.

199 1853 355 1899 Gallus
384 1854 444 1898 ib.

127 1947 187 1954 --
229 1924 277 1969 P.
309 1923 540 1967 Fulcinius
571 1922 796 1979 Vergilius
827 1920 1065 1964 Marcellus
1096 1920 1149 1973 (v.
1183 1920 1314 1976 add).

111 1992 195 2036 279
225 1994 274 2037 P.
306 1993 531 2049 Vergilius
559 1993 699 2036 Maro.
755 1991 856 2035 Vita
885 1991 1091 2046 praefixa
1127 1990 1426 2033 commentario
1464 1989 1633 2033 Donati
1662 1991 1722 2034 ad
1759 1991 1938 2047 Veryilii

197 2062 401 2114 bucolica,
432 2076 562 2117 quam
582 2065 686 2117 post
713 2060 941 2104 Danielem
972 2060 1034 2103 ed.
1061 2058 1373 2111 Reifferscheid
1402 2058 1516 2102 Suet.
1548 2059 1668 2115 reliq.
1691 2076 1740 2115 p.
1762 2064 1816 2105 54
1835 2075 1932 2116 seq„

195 2131 296 2175 item
326 2131 482 2188 Hayen
511 2131 668 2175 Jahrb.
703 2132 736 2185 f.
769 2130 892 2172 class.
924 2128 1045 2172 Phil.
1079 2128 1230 2183 Suppl.
1263 2127 1344 2170 IV
1358 2142 1406 2182 p.
1430 2131 1510 2171 734
1529 2142 1638 2182 seq.,·
1672 2130 1817 2173 eadem
1846 2131 1936 2185 fere

194 2202 286 2245 vita
314 2202 362 2245 in
390 2215 534 2245 versus
559 2200 737 2244 redacta
768 2214 796 2243 a
822 2198 971 2242 Phoca
997 2198 1280 2253 grammatico
1311 2213 1379 2253 ap.
1412 2197 1545 2250 Reiff.
1578 2198 1604 2241 l.
1638 2212 1670 2242 c.
1695 2213 1743 2253 p.
1776 2201 1830 2242 68
1850 2213 1932 2253 seq.

195 2269 430 2315 Praeterea
466 2270 516 2314 de
544 2271 635 2312 vita
670 2268 850 2324 Veryilii
880 2268 1113 2323 praefatus
1144 2270 1205 2309 est
1234 2266 1403 2309 Probus
1439 2268 1514 2321 qui
1543 2267 1700 2310 dicitur
1730 2281 1934 2310 commen-

197 2341 311 2384 tario
338 2341 386 2384 in
416 2340 595 2396 Veryilii
621 2338 813 2383 bucolica
843 2341 883 2380 et
904 2337 1115 2392 qeorqica,
1149 2335 1210 2379 ed.
1236 2335 1341 2379 Keil
1360 2351 1409 2390 p.
1432 2340 1458 2378 1
1478 2350 1573 2390 seq„
1606 2350 1713 2390 quae
1741 2337 1937 2391 repetivit

195 2409 508 2463 Reifferscheid
531 2409 557 2454 l.
590 2423 623 2453 c.
646 2424 693 2463 P·
725 2411 786 2451 52
810 2421 906 2462 seq„
938 2407 1038 2449 item
1066 2405 1239 2449 Servius
1270 2406 1570 2448 commentario
1603 2405 1661 2447 ad
1689 2405 1932 2448 Aeneidem.

194 2478 389 2534 Denique
430 2478 687 2521 breviarium
720 2476 932 2531 quoddam
960 2475 1073 2516 vitae
1113 2473 1291 2528 Veryilii
1329 2488 1379 2515 ex
1419 2473 1633 2516 codicibus
1661 2475 1934 2528 potissimum

194 2547 487 2591 Bernensibus
506 2550 610 2602 post
633 2545 680 2591 O.
711 2545 777 2590 W.
802 2544 1039 2588 Mu‘llerum
1060 2542 1283 2585 ediderunt
1301 2541 1615 2594 Reifferscheid
1645 2542 1671 2587 l.
1705 2557 1739 2585 c.
1760 2558 1811 2598 p.
1833 2542 1936 2586 52s3

192 2620 280 2662 not.
318 2620 359 2660 et
391 2616 548 2673 Hagen
578 2615 606 2659 l.
638 2629 671 2659 c.
694 2630 743 2670 p.
779 2617 857 2658 745
898 2612 986 2666 (vit.
1027 2612 1289 2667 Bernensis).
1355 2611 1623 2654 Mantuanus
1664 2612 1753 2666 zspse
1790 2626 1933 2667 yeorq.

191 2689 232 2737 3,
254 2689 309 2730 10
327 2699 410 2741 seq.
440 2685 559 2729 Ovid.
581 2699 664 2728 am.
687 2688 727 2736 3,
749 2685 815 2735 15,
839 2687 876 2734 7,
909 2681 1111 2725 Martial.
1134 2684 1173 2732 1,
1196 2684 1260 2731 61,
1283 2683 1326 2731 2,
1360 2680 1450 2731 alii,
1483 2687 1609 2723 natus
1641 2695 1777 2737 prope
1807 2680 1931 2722 Man-

184 2762 315 2803 tuam
344 2755 390 2797 in
419 2769 532 2812 pago
564 2755 639 2811 qui
671 2753 832 2796 dicitur
860 2751 1011 2795 Andes
1042 2750 1243 2793 Donatus
1270 2764 1312 2803 p.
1334 2752 1389 2792 54
1417 2748 1566 2802 Reiff„
1599 2749 1770 2792 Probus
1790 2764 1838 2804 p.
1859 2752 1930 2803 52,

193 2824 480 2880 Hieronymus
515 2822 575 2866 ad
608 2837 648 2867 a.
687 2822 797 2864 Abr.
824 2824 947 2871 1947,
985 2819 1042 2864 id.
1080 2817 1261 2862 Octobr.
1297 2832 1335 2861 a.
1371 2818 1457 2861 684
1490 2817 1712 2868 Donatus,
1749 2816 1932 2868 Probus,

192 2893 398 2945 Hieron.‚·
426 2892 572 2947 Phleq.
603 2891 669 2936 Ol.
691 2906 760 2946 αφ.
789 2890 989 2934 Photium
1020 2888 1108 2932 cod.
1131 2891 1189 2931 97
1212 2887 1285 2942 (fr.
1308 2889 1367 2930 12
1397 2901 1466 2942 ap.
1500 2887 1667 2930 Muller
1695 2888 1752 2941 fr.
1783 2887 1821 2930 h.
1853 2886 1931 2931 Gr.

192 2962 283 3006 III
300 2977 349 3017 p.
371 2960 491 3016 606),·
520 2960 630 3004 diem
655 2959 845 3003 natalem
874 2959 1022 3014 firmat
1052 2955 1255 3000 Martial.
1286 2958 1356 3006 12,
1386 2958 1451 3006 67,
1485 2959 1513 2998 3
1544 2953 1621 3007 (ad
1661 2955 1770 2998 diem
1801 2969 1933 3010 prae-

195 3031 403 3074 cedentem
444 3028 676 3084 adscripsit
705 3027 920 3070 Polemius
949 3026 1110 3071 Silvius
1140 3025 1186 3066 in
1216 3022 1374 3078 fastis).
1434 3023 1504 3065 De
1544 3022 1798 3080 parentibus
1841 3024 1933 3065 eius

191 3099 354 3143 Donat.
377 3097 404 3141 l.
426 3111 474 3149 c.,
496 3096 670 3140 Probus
690 3097 717 3140 l.
739 3096 791 3139 c.'
813 3096 946 3139 Initia
966 3095 1120 3138 aetatis
1138 3092 1379 3136 Cremonae
1401 3092 1490 3146 egit
1509 3090 1710 3134 Donatus
1731 3106 1781 3147 p.
1801 3095 1856 3135 55
1875 3092 1932 3135 R.

194 3168 456 3224 (Cremonae
485 3165 641 3209 studiis
673 3165 870 3208 eruditur
901 3163 1188 3218 Hieronymus
1220 3161 1278 3204 ad
1301 3175 1341 3203 a.
1365 3161 1508 3215 1959).
1564 3160 1731 3215 Togam
1761 3159 1934 3203 virilem

194 3237 378 3294 sumpsit
405 3251 443 3280 a.
465 3235 549 3278 699
580 3233 780 3278 Donatus
811 3233 837 3276 l.
860 3247 894 3277 c.
943 3232 1128 3289 Sumpta
1158 3237 1260 3286 toga
1288 3229 1584 3272 Mediolanum
1614 3229 1934 3284 transgreditur

192 3312 235 3349 et
253 3304 399 3363 paullo
420 3310 521 3362 post
539 3304 586 3347 in
605 3303 759 3347 urbem
775 3302 978 3346 Donatus
992 3301 1019 3345 l.
1039 3314 1096 3353 c.,·
1115 3299 1362 3354 Hieronym.
1381 3297 1441 3340 ad
1454 3312 1493 3340 a.
1510 3301 1630 3343 1963.
1663 3298 1725 3341 Ut
1744 3298 1932 3355 primum

192 3389 238 3418 se
274 3372 457 3417 contulit
490 3373 694 3427 Romam,
739 3371 906 3415 studuit
946 3369 1064 3428 apud
1102 3367 1308 3426 Epidium
1348 3373 1566 3410 oratorem
1606 3381 1705 3410 cum
1744 3366 1932 3411 Caesare

174 3446 466 3485 Prosopographia
483 3446 566 3483 Imp.
585 3445 679 3473 Rom.
716 3443 778 3473 111.
1612 3435 1657 3471 26
