2242 3672
118 256 287 294 VIBIVS
992 255 1077 298 423
1773 261 1942 299 VIBIVS

205 393 243 442 6,
265 393 320 433 47
349 388 499 445 (huius
520 389 678 440 Marsi,
710 403 797 433 non
818 390 1005 433 Domitii
1023 391 1296 435 Amazonida
1326 392 1449 447 tanyi
1472 406 1500 435 a
1528 392 1742 436 Martiale
1761 396 1801 444 4,
1824 395 1896 444 29,
1918 395 1947 435 8

201 462 335 514 putat
366 458 614 513 Nipperdey
644 459 702 501 ad
732 459 833 504 Tac.
863 460 889 504 l.
922 460 990 515 c.).

119 529 205 572 389
235 527 286 571 C.
304 527 460 570 Vibius
481 526 700 570 Maximus
722 527 800 579 (sic
822 528 924 583 dipl.
946 529 1033 573 mil.
1057 532 1095 572 et
1115 530 1205 572 III
1214 532 1285 581 38,
1308 529 1465 573 Vibius
1486 530 1706 573 Maximus
1724 530 1942 586 Martial„

205 595 347 640 Plinii
375 595 465 639 cod.
496 595 742 638 Ashburnh.
767 595 826 638 ad
852 611 915 651 ep.
935 599 974 647 3,
999 600 1031 640 2
1059 598 1106 639 in
1135 597 1286 649 indice,
1317 598 1475 641 Viuius
1506 598 1725 642 Maximus
1756 599 1946 642 traditur

205 679 274 721 ap.
317 665 507 709 Statium
545 664 638 707 silv.
669 668 708 715 4,
742 668 771 707 7
797 665 949 716 inscr.,
991 666 1210 708 Maximus
1250 667 1409 710 Vinius
1447 667 1560 710 Stat.
1600 668 1693 711 silv.
1724 672 1752 711 4
1780 668 1942 723 praef„

204 737 381 789 utroque
411 733 501 777 loco
530 733 749 775 Maximus
778 733 931 776 Iunius
961 733 1155 789 vulyata,
1189 735 1373 778 correoeit
1405 735 1521 778 Nohl
1550 736 1698 779 Herm.
1730 740 1800 788 12,
1830 736 1941 791 517).

318 802 500 846 Amicus
551 801 702 855 Statii,
762 803 836 858 qui
899 803 990 845 eius
1050 803 1211 845 iudicio
1263 803 1489 847 Thebaida
1538 820 1658 847 suam
1710 813 1942 862 antequam

205 872 408 915 ederetur
447 871 661 914 commisit
696 870 804 914 Stat.
836 870 928 915 silv.
959 875 999 922 4,
1031 875 1071 922 7,
1103 875 1173 923 25,
1211 879 1254 914 et
1284 873 1358 929 qui
1398 872 1626 929 epistulam
1667 874 1723 916 ad
1759 889 1858 917 eum
1889 874 1943 916 de

206 941 397 984 editione
421 939 670 984 Thebaidos
702 939 945 996 publicavit
971 940 1064 983 silv.
1091 945 1117 983 4
1140 942 1285 996 praef.
1341 942 1593 984 Praefectus
1621 941 1716 985 alae
1745 944 1789 985 in
1814 943 1944 999 Syria

203 1011 262 1054 ib.
283 1014 322 1062 4,
346 1013 384 1061 7,
405 1012 460 1053 46
480 1022 562 1063 seq.
585 1008 767 1064 (videtur
801 1009 918 1051 alam
945 1010 1106 1052 reoeisse
1136 1013 1234 1052 ante
1262 1009 1502 1065 cohortem).
1547 1010 1601 1053 A.
1623 1011 1679 1054 93
1699 1012 1943 1068 praefectus

204 1079 393 1122 cohortis
413 1078 482 1121 III
502 1077 763 1134 Alpinorum
793 1078 838 1119 in
869 1077 1090 1120 Dalmatia
1113 1078 1214 1132 altpt.
1237 1078 1325 1122 mil.
1348 1079 1509 1134 (IIIp.
1524 1079 1634 1134 859).
1685 1079 1757 1122 Ad
1777 1094 1874 1122 eum
1897 1081 1941 1122 in

203 1147 424 1191 Dalmatia
452 1147 682 1203 degentem
712 1146 876 1190 Statius
902 1146 1022 1189 dedit
1047 1162 1222 1189 carmen
1251 1147 1342 1190 silv.
1362 1151 1401 1199 4,
1430 1152 1458 1190 7
1490 1149 1544 1203 cf.
1572 1149 1720 1203 praef.
1751 1150 1852 1191 etv.
1877 1152 1940 1191 14.

118 1224 122 1225 ⁷
206 1217 278 1261 Ad
307 1231 407 1261 eum
437 1218 482 1260 in
511 1216 620 1259 urbe
651 1216 880 1271 degentem
910 1231 947 1260 a.
980 1216 1036 1258 96
1068 1216 1282 1259 Martialis
1314 1216 1435 1259 dedit
1464 1218 1733 1273 epigramma
1762 1221 1827 1269 11,
1849 1220 1942 1260 106.

204 1287 427 1344 (Fortasse
456 1286 525 1328 hic
554 1285 787 1340 Maximus,
819 1284 875 1328 ad
907 1300 1036 1342 quem
1068 1285 1295 1327 Martialis
1319 1289 1358 1335 1,
1392 1289 1437 1337 7;
1467 1287 1635 1328 omnino
1665 1286 1868 1341 diversuS,
1904 1286 1943 1327 is

206 1357 265 1400 acl
306 1370 427 1411 quem
473 1354 676 1398 Martial.
705 1357 743 1409 1,
776 1357 843 1399 69.
874 1357 919 1404 2,
951 1356 1006 1396 18
1036 1357 1128 1412 cet.)
1203 1354 1274 1396 Ab
1320 1369 1370 1396 eo
1416 1355 1533 1396 circa
1575 1370 1613 1397 a.
1648 1356 1726 1398 101
1775 1354 1942 1398 Plinius

203 1427 324 1484 petit,
354 1432 403 1468 ut
432 1424 632 1479 dignitati
664 1422 827 1465 Maturi
858 1422 1039 1465 Arriani
1076 1422 1242 1479 aliquid
1274 1422 1471 1465 adstruat
1505 1423 1639 1479 ‘quod
1671 1424 1726 1465 sit
1756 1422 1942 1480 splendi-

206 1495 310 1538 dum
332 1508 413 1536 nec
431 1492 676 1535 molestum'
691 1491 808 1536 Plin.
822 1506 884 1547 ep.
895 1494 935 1542 3,
947 1494 979 1534 2
999 1492 1199 1545 (fortasse
1215 1492 1305 1533 iam
1327 1494 1424 1533 tunc
1444 1492 1491 1534 in
1503 1491 1745 1547 Aeyypturn
1758 1491 1941 1535 destina-

206 1568 274 1608 tus
305 1566 423 1615 erat,·
451 1575 667 1605 successor
695 1563 838 1616 potest
867 1561 1000 1614 fuisse
1020 1560 1068 1602 in
1087 1559 1280 1615 Aeyypto
1303 1559 1500 1614 Pompeii
1519 1559 1738 1615 Plantae).
1783 1560 1836 1602 A.
1862 1561 1943 1603 104

203 1634 369 1688 (mense
408 1630 557 1684 Febr.)
598 1629 844 1687 praefectus
883 1628 1076 1684 Aegypti
1117 1629 1207 1671 III
1236 1631 1304 1671 38.
1376 1627 1584 1671 Fortasse
1619 1628 1688 1671 hic
1723 1629 1943 1671 Maximus

206 1701 451 1759 praefectus
481 1699 672 1756 Aegypti
694 1712 802 1754 pap.
833 1711 945 1740 nunc
973 1697 1277 1748 Berolinensis,
1318 1696 1418 1740 Urk.
1446 1711 1488 1739 n.
1509 1700 1607 1740 329.
1667 1697 1878 1741 Successit
1906 1698 1946 1740 ei

206 1775 283 1814 aut
312 1785 352 1814 a.
376 1773 456 1813 104
482 1772 557 1812 aut
578 1783 617 1812 a.
643 1771 719 1811 105
746 1767 792 1811 Ο.
817 1767 1025 1810 Minicius
1053 1766 1208 1818 Italus,
1242 1767 1294 1820 cf.
1316 1767 1394 1809 sub
1423 1766 1514 1809 hoc.
1537 1791 1589 1796 —
1613 1767 1759 1811 Gener
1780 1767 1942 1823 (potius

205 1855 336 1898 quam
365 1838 499 1893 filius)
532 1839 616 1880 viri
647 1837 722 1894 qui
753 1837 994 1879 Domitiani
1036 1835 1148 1879 bello
1192 1836 1432 1879 Sarmatico
1473 1849 1616 1878 comes
1654 1835 1798 1878 fuerat
1829 1835 1941 1878 Stat.

204 1910 297 1954 silv.
318 1913 358 1960 4,
381 1911 419 1959 7,
440 1910 509 1951 50.
568 1906 707 1949 Filius
732 1907 824 1948 eius
855 1904 1065 1962 parvulus
1095 1905 1205 1948 Stat.
1231 1905 1324 1948 silv.
1345 1908 1384 1955 4,
1409 1908 1446 1955 7,
1468 1907 1525 1947 29
1544 1917 1627 1958 seq.
1679 1903 1942 1960 Eloquentia

206 1980 299 2022 eius
321 1978 434 2022 Stat.
454 1976 547 2020 silv.
568 1979 595 2019 4
616 1976 762 2030 praef.
811 1975 1052 2017 Historiam
1075 1975 1248 2031 scripsit
1268 1973 1339 2016 vel
1362 1981 1480 2016 certe
1501 1973 1692 2016 scribere
1712 1987 1943 2028 aggressus

206 2054 272 2092 est
299 2048 357 2090 ib.
383 2050 422 2097 4,
449 2050 488 2096 7,
513 2047 568 2088 54
587 2057 669 2099 seq.

120 2118 205 2162 390
236 2123 278 2160 C.
319 2121 487 2158 VIBIVS
527 2119 762 2155 MAXIMVS
803 2118 1135 2164 EGRILIANVS,
1178 2110 1225 2156 C.
1259 2111 1310 2165 f.,
1354 2110 1621 2165 laticlavius,
1663 2110 1777 2153 vixit
1817 2111 1942 2152 annis

208 2184 436 2230 XXVIIII
465 2197 602 2225 mens.
633 2182 701 2224 XI
733 2181 802 2224 VI
821 2182 944 2224 1538.

119 2256 200 2300 391
235 2259 401 2297 VIBIVS
447 2256 721 2294 PASSIENVS
768 2251 874 2304 (pro
917 2249 1026 2291 uibi-
1075 2248 1264 2290 traditur
1308 2249 1437 2303 uiui-)
1484 2247 1716 2304 proconsul
1766 2247 1942 2290 Africae

206 2321 473 2380 temporibus
517 2319 731 2374 Gallieni,
774 2325 925 2361 auctor
964 2318 1086 2360 Afris
1129 2317 1302 2360 Celsum
1345 2318 1648 2373 imperatorem
1694 2315 1941 2373 appellandi

208 2392 306 2447 triy.
339 2394 419 2446 tyr.
450 2392 523 2441 29,
549 2392 589 2431 1.

121 2462 205 2505 392
237 2467 278 2503 G.
309 2464 475 2501 VIBIVS
507 2463 784 2500 POSTVMVS.
850 2455 959 2498 Tria
986 2455 1162 2497 nomina
1193 2458 1221 2496 t.
1254 2454 1447 2496 Larinas
1475 2453 1554 2496 IX
1583 2456 1675 2503 730,
1713 2455 1741 2497 t.
1768 2452 1943 2496 Samius

208 2528 280 2584 (cf.
320 2528 472 2582 infra),
524 2530 550 2569 t.
601 2526 726 2569 Teius
769 2525 910 2567 Lebas
948 2527 994 2578 3,
1038 2527 1143 2574 103,
1195 2524 1293 2565 item
1339 2523 1472 2578 Γ[οίιος
1517 2521 1691 2580 Οὐ]ίβιος
1737 2520 1943 2578 Πόστομος

209 2602 237 2644 t.
271 2597 526 2651 Maynesiae
554 2609 638 2649 rep.
674 2594 760 2637 ath.
792 2592 941 2636 Mitth.
972 2595 1080 2635 1894
1100 2606 1149 2646 p.
1170 2594 1251 2642 25;
1287 2591 1443 2633 Vibius
1476 2590 1610 2646 [quib.
1643 2591 1710 2632 ius
1740 2604 1828 2644 pro
1857 2605 1941 2647 que

208 2667 352 2710 uibius
393 2664 689 2720 apoyraphum
728 2661 1140 2710 Amerbachianurn‚
1187 2660 1346 2716 quibus
1392 2659 1523 2701 iulius
1565 2658 1693 2701 editio
1723 2658 1940 2714 princeps]

209 2737 440 2779 Postumus
472 2733 665 2782 VelleiuS,
699 2731 943 2787 Ποστούμιος
962 2729 1064 2772 Dio.
1122 2729 1179 2771 In
1209 2728 1430 2770 consulatu
1452 2728 1500 2771 C.
1527 2727 1689 2771 Vibius
1711 2729 1941 2770 Postumus

208 2804 411 2858 (Postim-
441 2802 549 2856 fasti
575 2800 700 2856 Gap.)
740 2800 848 2854 fasti
883 2799 1014 2854 Cap.‚·
1055 2798 1123 2840 VI
1141 2800 1234 2841 813.
1270 2797 1378 2840 ΧΙΙ
1400 2800 1535 2848 2574,
1577 2796 1625 2840 C.
1656 2796 1757 2840 Vib.
1792 2797 1826 2839 I
1850 2799 1939 2839 750.

207 2876 301 2917 751.
338 2897 390 2901 -
424 2870 473 2914 C.
505 2870 535 2913 f.
566 2870 675 2924 fasti
710 2868 829 2924 Cap„
863 2871 891 2911 t.
919 2867 1123 2913 Larinas,
1157 2865 1205 2909 C.
1237 2881 1279 2908 n.
1310 2866 1419 2920 fasti
1447 2865 1551 2921 Cap.

323 2941 518 2994 Praetor,
550 2937 782 2996 proconsul
813 2940 842 2980 t.
874 2936 1067 2978 Larinas
1096 2935 1172 2977 IX
1200 2938 1294 2977 730.
1359 2933 1523 2978 Consul
1561 2934 1655 2976 suff.
1692 2950 1731 2977 a.
1751 2934 1850 2977 -758
1886 2953 1938 2968 =

210 3025 250 3067 p.
272 3009 377 3053 Chr.
399 3009 424 3051 5
457 3022 513 3049 ex
541 3006 630 3051 kal.
662 3005 744 3049 Iul.
775 3019 875 3047 cum
901 3004 951 3048 C.
974 3004 1101 3046 Ateio
1125 3002 1337 3059 Capitone
1358 3003 1467 3057 fasti
1493 3003 1612 3058 Cap,
1645 3003 1699 3057 cf.
1715 3005 1943 3058 praeterea

207 3092 353 3133 supra.
396 3077 478 3119 Vir
499 3074 741 3118 consularis
763 3073 864 3117 Vcll.
885 3076 929 3124 2,
951 3076 1044 3115 116.
1076 3072 1356 3128 Praepositus
1382 3071 1626 3114 Dalmatiae
1648 3072 1719 3122 ib„
1748 3071 1941 3113 ultimam

210 3146 325 3190 bello
347 3144 593 3188 Dalmatico
615 3157 791 3186 manum
811 3141 1029 3198 imposuit,
1061 3155 1099 3182 a.
1122 3156 1163 3197 p.
1187 3139 1289 3183 Chr.
1315 3141 1341 3182 9
1363 3140 1452 3182 Dio
1471 3143 1538 3191 56,
1560 3143 1613 3183 15
1637 3141 1692 3194 cf.
1721 3139 1821 3182 Vell.
1844 3139 1870 3183 l.
1894 3153 1942 3190 6.,

208 3213 371 3259 Florus
390 3218 434 3264 2,
456 3216 527 3256 25.
569 3212 847 3256 Ornamentis
868 3208 1203 3265 triumphalibus
1225 3217 1402 3251 ornatus
1435 3208 1536 3251 Vell.
1568 3208 1596 3251 l.
1628 3222 1662 3250 c.
1705 3207 1943 3251 Proconsul

209 3284 342 3327 Asiae
364 3297 442 3339 per
460 3282 697 3325 triennium
718 3284 748 3323 t.
765 3280 939 3324 Samius
954 3278 1072 3321 Bull.
1090 3277 1140 3320 de
1160 3292 1269 3320 corr.
1289 3278 1437 3320 helle'n.
1454 3281 1564 3320 1884
1575 3292 1624 3332 p.
1634 3281 1729 3328 467,
1753 3277 1806 3320 ab
1830 3290 1942 3319 anno

208 3354 298 3407 fere
318 3354 372 3394 13
392 3350 451 3393 ad
470 3365 509 3394 a.
530 3353 597 3401 16,
624 3353 672 3392 ut
690 3352 801 3392 recte
820 3348 1015 3390 videntur
1034 3348 1233 3389 statuisse
1252 3346 1383 3389 Diehl
1403 3350 1443 3389 et
1466 3346 1683 3389 Holleaux
1701 3346 1727 3390 l.
1750 3359 1783 3390 c.
1815 3344 1942 3401 (Pro-
