2242 3672
293 252 554 289 VIPSANIVS
1150 245 1233 287 442
1834 253 2096 290 VIPSANIVS

463 383 533 425 Ex
563 382 800 438 Pomponia
827 388 951 438 pater
970 380 1208 437 Vipsaniae
1228 380 1498 437 Agrippinae
1528 380 1666 436 (infra
1692 395 1733 425 n.
1754 385 1870 438 462),
1903 398 1958 426 ex
1983 384 2096 428 Mar·

379 451 486 493 cella
521 450 804 506 complurium
840 449 1074 492 liberorum
1114 449 1207 505 (qui
1243 455 1469 505 praeterea
1506 464 1593 492 non
1632 452 1943 507 memorantur)
1982 452 2098 508 Suet.

376 519 487 572 Auy.
517 521 581 568 63,
623 532 678 559 ex
714 516 825 559 Iulia
866 517 912 560 C.
957 516 1155 560 Caesaris
1196 515 1244 572 (I
1275 531 1317 559 n.
1343 516 1457 569 142),
1497 517 1549 560 L.
1590 517 1791 561 Caesaris
1833 520 1884 575 (I
1908 534 1951 563 n.
1986 521 2095 576 148),

375 586 511 629 Iuliae
557 585 607 637 (I
632 600 673 629 n.
708 571 833 642 421),
876 584 1145 642 Agrippinae
1193 586 1331 641 (infra
1374 600 1415 628 n.
1449 585 1568 637 463),
1624 586 1847 644 Agrippae
1899 589 2096 633 Caesaris

376 657 425 712 (I
445 671 486 701 n.
508 656 615 706 139).
674 656 892 698 Heredem
922 655 1098 712 reliquit
1129 655 1374 711 Augustum
1404 655 1492 698 Dio
1519 658 1585 707 54,
1617 659 1688 701 29.

459 724 635 766 Amicus
666 723 854 778 Augusti
886 725 1147 780 praecipuus
1178 724 1270 766 Val.
1292 724 1416 766 Max.
1436 728 1476 775 4,
1500 727 1537 775 7,
1560 727 1598 775 6,
1631 724 1792 768 Seneca
1811 726 1943 781 benef.
1965 729 2003 777 6,
2022 729 2095 778 32,

373 797 478 843 2-4,
509 807 570 847 ep.
605 796 671 842 94,
703 796 768 843 46,
798 792 962 847 Ioseph.
994 796 1080 835 ant.
1112 795 1177 844 15,
1200 796 1265 843 10,
1287 795 1338 840 3,·
1367 793 1421 846 cf.
1456 793 1522 835 M.
1544 793 1703 836 Anton.
1738 794 1791 841 εἰς
1821 795 1929 840 ἑαυτ,
1958 797 1999 847 8,
2029 799 2094 842 31.

372 861 570 916 Augusto
593 875 761 916 semper
782 876 826 902 se
848 861 1130 904 submittebat
1161 861 1261 905 Vell.
1283 865 1327 912 2,
1353 865 1417 912 79,
1448 860 1563 904 Plin.
1584 861 1624 906 h.
1646 877 1687 905 n.
1711 866 1748 913 7,
1770 866 1835 918 46,
1861 863 1952 907 Dio
1969 867 2036 919 49,
2054 868 2095 908 4.

370 932 436 981 53,
457 933 525 974 23.
555 932 620 980 54,
642 932 713 972 29.
774 929 969 986 Saepius,
1002 936 1051 972 ut
1081 931 1173 986 ipse
1203 929 1442 985 Augustus.
1475 930 1642 972 insidiis
1668 932 1829 987 petitus
1849 931 1939 975 Dio
1956 935 2021 984 54,
2043 936 2097 977 15

373 998 549 1051 (Zonar.
579 1001 646 1049 10,
676 997 759 1052 34).
889 1019 892 1024 ¹

458 1066 583 1109 Servi
612 1068 702 1109 eius
725 1067 792 1109 VI
803 1069 921 1110 5731.
941 1069 1053 1110 8871
1063 1081 1077 1119 ;
1096 1067 1240 1109 liberti
1264 1066 1333 1110 VI
1344 1069 1495 1110 18269.
1510 1094 1560 1100 -
1579 1067 1896 1112 Chersonesum
1917 1069 2095 1112 Thraci-

372 1150 464 1177 cam
501 1135 691 1191 possedit
720 1135 808 1179 Dio
835 1138 900 1187 54,
925 1139 996 1180 29.
1024 1161 1081 1166 -
1110 1137 1374 1179 Procurator
1401 1137 1492 1179 eius
1523 1138 1566 1178 in
1600 1137 1749 1181 Sicilia
1778 1139 1918 1180 Iccius
1938 1138 2094 1182 Horat.

370 1218 433 1258 ep.
464 1207 502 1254 1,
532 1206 602 1247 12.

455 1271 601 1328 Opera
630 1272 806 1328 publica
834 1273 889 1315 ab
920 1288 970 1316 eo
1001 1274 1046 1315 in
1084 1272 1191 1315 urbe
1222 1279 1421 1315 extructa
1451 1273 1520 1316 VI
1540 1276 1624 1317 896
1654 1277 1700 1329 (t.
1731 1274 1944 1330 Panthei),
1974 1275 2094 1322 Bull.

371 1354 530 1382 comun.
562 1342 677 1382 1887
694 1355 742 1395 Ρ.
767 1343 848 1383 306
879 1341 989 1396 (cum
1017 1342 1224 1384 mentione
1246 1341 1393 1395 pontis
1411 1341 1647 1397 Agrippae,
1680 1343 1734 1396 cf.
1757 1343 1944 1386 Huelsen
1968 1343 2092 1387 Ro’m.

372 1408 513 1451 Mitth.
535 1411 645 1451 1889
658 1423 706 1463 Ρ.
725 1409 853 1464 285);
872 1410 1029 1452 Horat.
1051 1424 1114 1464 ep.
1136 1413 1175 1460 1,
1198 1413 1235 1461 6,
1256 1413 1314 1453 26
1325 1423 1338 1461 ;
1359 1410 1519 1453 Strabo
1538 1413 1578 1461 5,
1599 1413 1639 1462 3,
1659 1413 1689 1452 8
1707 1426 1756 1465 Ρ.
1773 1413 1870 1462 235,
1892 1415 1956 1463 13,
1978 1416 2016 1463 1,
2039 1415 2093 1456 19

367 1492 413 1531 Ρ.
443 1480 549 1528 590;
580 1476 742 1519 Seneca
771 1477 820 1519 de
851 1478 984 1532 benef.
1014 1481 1054 1528 3,
1083 1482 1155 1529 32,
1184 1482 1234 1530 4,·
1262 1478 1379 1520 Plin.
1401 1478 1440 1520 h.
1462 1493 1504 1521 n.
1526 1482 1592 1530 16,
1613 1483 1712 1522 201.
1744 1483 1813 1531 31,
1834 1483 1901 1523 41.
1924 1484 1995 1525 42.
2024 1484 2092 1534 34,

371 1549 435 1590 13.
467 1548 535 1588 62.
564 1548 722 1599 35,,26.
754 1549 820 1596 36,
849 1549 916 1588 38.
948 1549 1044 1589 102.
1075 1550 1169 1590 104.
1203 1550 1300 1591 121.
1331 1549 1411 1589 189
1422 1560 1435 1599 ‚⁶
1465 1546 1664 1590 Frontin.
1696 1548 1744 1590 de
1775 1563 1840 1603 aq.
1872 1551 1912 1591 9.
1939 1552 2006 1594 10.
2038 1552 2093 1592 98

370 1615 424 1668 cf.
455 1617 525 1657 25.
555 1617 619 1656 99.
650 1618 744 1657 104.
775 1618 878 1660 116:
924 1616 1022 1660 Tac.
1057 1630 1096 1658 a.
1129 1618 1193 1666 15,
1225 1619 1293 1658 37.
1323 1618 1399 1666 39‚·
1432 1615 1548 1659 Suet.
1579 1616 1691 1671 Aug).
1718 1620 1776 1660 29
1798 1618 1872 1672 fin.
1893 1621 1975 1670 42;
2004 1618 2092 1662 Dio

367 1686 435 1733 49,
456 1686 522 1727 43.
553 1685 618 1733 53,
640 1685 709 1726 23.
731 1687 802 1727 27.
833 1686 900 1735 54,
922 1688 987 1727 11.
1008 1688 1080 1728 29.
1106 1687 1171 1733 55,
1189 1687 1229 1726 8.
1258 1687 1323 1735 66,
1344 1687 1426 1736 24,·
1452 1684 1588 1727 Notit.
1607 1686 1701 1728 arb.
1722 1700 1807 1741 rcy.
1835 1686 1935 1731 VII.
1964 1686 2090 1730 VIII.

369 1751 455 1801 IX,
481 1752 579 1793 item
605 1751 703 1794 add.
755 1751 948 1794 Tiberim
980 1753 1197 1795 derivavit
1217 1752 1374 1807 Porph.
1406 1753 1464 1795 ad
1482 1753 1590 1798 Hor.
1623 1748 1704 1798 art.
1728 1758 1843 1809 poet.
1874 1758 1940 1799 67.
1985 1756 2092 1799 Vias

372 1819 540 1862 Galliae
560 1821 747 1862 munivit
768 1818 929 1864 Strabo
949 1825 988 1872 4,
1010 1825 1048 1872 6,
1072 1825 1124 1867 11
1138 1837 1184 1876 Ρ.
1202 1824 1304 1866 208.
1345 1820 1508 1864 Orbem
1530 1828 1745 1865 terrarum
1767 1823 1864 1866 urbi
1896 1832 2090 1880 spectan-

367 1888 467 1930 dum
496 1890 794 1946 propositurus
826 1897 919 1932 erat
948 1892 992 1932 in
1023 1892 1192 1947 porticu
1214 1891 1461 1947 (Vipsania)
1483 1891 1598 1935 Plin.
1622 1891 1661 1934 h.
1683 1907 1724 1936 n.
1744 1895 1784 1943 3,
1807 1896 1874 1935 17.
1925 1892 2092 1936 Auctor

369 1957 497 1998 Plinii
520 1960 563 1999 in
585 1959 858 2001 enarratione
879 1959 994 2002 orbis
1016 1966 1229 2002 terrarum
1250 1959 1364 2003 Plin.
1385 1959 1427 2001 h.
1447 1974 1489 2002 n.
1510 1963 1609 2003 3-6.
1660 1961 1811 2003 Etiam
1832 1975 1860 2003 a
1879 1961 2092 2005 Strabone

368 2025 588 2079 Ayrippae
603 2029 890 2084 χωρογραφίαν
907 2027 1143 2070 adhibitam
1159 2041 1243 2070 esse
1249 2031 1410 2082 putant
1416 2028 1610 2082 plerique
1616 2042 1630 2080 ,⁰
1643 2030 1697 2083 ef.
1709 2029 1836 2072 Riese
1850 2029 2088 2085 Geoyraph.

369 2094 467 2135 Lat.
497 2094 598 2136 min.
621 2109 670 2149 Ρ.
702 2095 798 2137 VII
808 2109 903 2150 seq„
928 2111 976 2150 Ρ.
997 2099 1023 2138 1
1042 2110 1124 2150 seq.

451 2161 523 2204 Ad
552 2178 649 2204 eum
679 2163 799 2205 dedit
828 2165 1035 2207 Horatius
1066 2178 1194 2207 carm.
1226 2168 1266 2215 1,
1298 2167 1335 2207 6.
1387 2165 1498 2226 Eum
1533 2165 1799 2220 significasse
1834 2166 2092 2210 credebatur

369 2231 588 2285 Vergilius
604 2231 710 2275 Aen.
731 2236 770 2283 1,
792 2236 883 2276 292
903 2234 958 2287 cf.
982 2233 1098 2276 Serv.
1122 2233 1147 2275 l.
1171 2247 1204 2276 e.
1227 2258 1281 2262 —
1313 2233 1394 2276 Vix
1423 2233 1490 2275 hic
1518 2233 1646 2287 (quod
1665 2238 1766 2289 post
1791 2235 1898 2278 alios
1918 2236 2091 2290 putavit

366 2299 555 2342 Ribbeck
568 2300 682 2354 prol.
705 2301 764 2342 ad
793 2301 911 2356 Verq.
933 2316 979 2355 Ρ.
997 2305 1095 2356 100)
1117 2302 1176 2344 M.
1198 2302 1435 2358 Vipsanius
1458 2303 1700 2358 (uipranius
1722 2303 1938 2357 traditur),
1961 2319 2089 2361 quem

368 2367 549 2422 Vergilii
567 2375 613 2410 ut
627 2369 802 2411 videtur
819 2369 1148 2412 obtrectatorem
1169 2377 1376 2412 memorat
1387 2370 1585 2413 Donatus
1599 2372 1668 2415 vit.
1694 2371 1811 2426 Very.
1829 2373 1962 2427 (Suet.
1976 2387 2024 2427 Ρ.
2037 2375 2091 2416 65

366 2435 632 2487 Reiffersch„
665 2438 764 2479 item
795 2452 863 2492 αΡ.
895 2439 1049 2493 Hagen
1070 2438 1227 2481 Jahn’s
1247 2438 1404 2481 Jahrb.
1425 2439 1560 2494 suppl.
1582 2444 1609 2482 4
1630 2455 1677 2494 Ρ.
1702 2440 1807 2495 740).
1830 2467 1882 2472 ———
1906 2441 2091 2497 Scripsit

365 2504 419 2545 de
448 2505 539 2545 vita
579 2520 657 2546 sua
696 2505 945 2560 Philaryyr.
977 2507 1022 2548 in
1053 2507 1171 2561 Very.
1200 2521 1340 2562 yeory.
1371 2510 1413 2558 2,
1445 2511 1531 2550 162
1560 2508 1612 2562 cf.
1645 2508 1760 2553 Plin.
1793 2509 1832 2552 h.
1863 2523 1903 2551 n.
1936 2512 1973 2560 7,
2006 2511 2090 2551 148

368 2571 509 2626 (Peter
543 2572 639 2615 hist.
679 2573 802 2617 Rom.
843 2576 997 2629 frayrn.
1027 2590 1074 2630 Ρ.
1101 2575 1217 2630 261).
1278 2575 1428 2618 Oratio
1469 2578 1560 2618 eius
1599 2576 1653 2618 de
1693 2576 1850 2619 tabulis
1891 2578 2089 2620 omnibus
2198 2608 2242 2633 -..ς

370 2640 590 2695 signisque
620 2641 891 2696 publicandis
923 2643 1041 2686 Plin.
1072 2643 1111 2685 h.
1144 2658 1185 2685 n.
1217 2647 1283 2694 35,
1314 2647 1372 2686 26
1411 2645 1610 2698 (fortasse
1644 2644 1724 2686 huc
1761 2649 1924 2700 spectat
1961 2646 2088 2688 etiam
2224 2640 2242 2696 ’ἰ

368 2707 599 2750 aedilitatis
627 2724 730 2750 suae
762 2713 1106 2754 commemoratio
1139 2727 1269 2768 quam
1301 2713 1405 2754 citat
1435 2712 1553 2754 Plin.
1575 2713 1615 2754 h.
1636 2727 1678 2755 n.
1699 2717 1767 2764 36,
1790 2713 1903 2768 121).
1948 2715 2086 2757 Reum
2227 2711 2242 2744 ²²7

367 2775 555 2831 aliquem
586 2776 779 2818 defendit
805 2778 966 2821 Seneca
995 2783 1126 2822 contr.
1147 2784 1190 2831 2,
1211 2784 1251 2831 4,
1271 2783 1335 2822 13.
1387 2781 1468 2822 Vir
1498 2782 1726 2823 rusticitati
1754 2783 1929 2838 propior
1956 2796 2086 2838 quam
2235 2801 2242 2827 ι

367 2843 533 2885 deliciis
564 2844 684 2886 Plin.
704 2845 744 2886 h.
765 2860 806 2888 n.
828 2850 892 2897 35,
914 2851 984 2891 26.
1019 2874 1067 2879 -
1098 2848 1169 2891 Ab
1202 2864 1250 2891 eo
1287 2848 1550 2905 appellatum
1580 2849 1764 2891 Athenis
1797 2850 2008 2893 theatrum
2040 2851 2085 2892 in
2229 2879 2242 2931 ξ

367 2912 410 2952 in
443 2911 664 2954 Ceramico
697 2912 898 2959 Philostr.
919 2916 991 2958 vit.
1011 2917 1126 2971 soph.
1149 2920 1193 2967 2,
1214 2919 1253 2967 5,
1275 2920 1303 2958 3
1311 2930 1325 2968 ,·
1356 2919 1396 2967 8,
1418 2920 1462 2959 2.

284 2979 365 3020 458
400 2979 635 3035 Vipsanius
654 2980 837 3035 Atticus,
861 2983 1017 3037 rhetor,
1041 2984 1294 3040 Apollodori
1313 2986 1606 3039 (Pergameni)
1623 2986 1858 3042 discipulus
1880 2987 2086 3040 (traditur
2212 2941 2242 3082 Ξ

367 3047 460 3089 Att-
492 3048 674 3104 Vipsani
704 3049 956 3105 Apollodori
989 3053 1160 3109 discip)
1194 3053 1354 3096 Seneca
1384 3056 1514 3097 contr.
1544 3057 1587 3104 2,
1608 3057 1635 3096 5
1656 3053 1757 3106 (13),
1780 3058 1845 3099 11.
1905 3055 2028 3098 Male
2056 3069 2084 3097 a
2210 3042 2242 3118 ’ἦ

367 3115 583 3158 nonnullis
603 3120 784 3170 putatus
816 3122 875 3160 est
902 3119 965 3161 vel
986 3124 1116 3173 pater
1142 3121 1205 3163 vel
1233 3121 1349 3176 filius
1371 3121 1436 3164 M.
1458 3121 1699 3176 Ayrippae;
1729 3123 1810 3165 alii
1831 3123 2085 3178 Dionysium

365 3182 671 3237 Peryarnenurn
711 3186 949 3238 coynoinine
987 3187 1199 3239 Atticum,
1244 3203 1364 3242 quem
1402 3193 1607 3231 memorat
1646 3190 1804 3233 Strabo
1842 3194 1871 3232 3
1901 3206 1950 3245 Ρ.
1985 3193 2082 3241 625,

366 3250 680 3302 intellexerunt,
721 3252 768 3294 id
806 3267 963 3306 quoque
1001 3256 1090 3297 sine
1129 3270 1284 3307 causa;
1324 3257 1377 3310 ef.
1411 3256 1579 3299 Piderit
1608 3258 1657 3299 de
1687 3258 1947 3313 Apollodoro
1978 3258 2081 3301 Per-

363 3331 539 3370 fflnneno
561 3318 727 3371 (Marb.
744 3323 872 3375 1842)
891 3336 938 3374 Ρ.
956 3326 1009 3365 16
1023 3336 1103 3376 seq.
1122 3349 1178 3353 —
1193 3324 1305 3366 Eius
1323 3325 1506 3367 nominis
1519 3325 1639 3368 homo
1654 3327 1703 3368 X
1722 3330 1830 3370 7101
1850 3326 2080 3382 (Catinae).
