2242 3672
202 244 510 284 RVFINIANVS
1071 243 1154 287 139
1810 250 2027 287 RVFINVS

213 404 271 410 —
314 386 355 422 C.
389 385 667 422 CAESONIVS
699 387 875 422 MACER
906 387 1234 426 RVFINIANVS.

202 449 285 491 102
313 448 510 503 Rufinus,
543 448 635 491 dux
666 448 910 492 Galliarum
942 465 981 494 a.
1005 453 1183 502 68-69,
1221 452 1320 494 Tae.
1341 452 1382 495 h.
1404 455 1448 503 2,
1472 455 1538 495 94.

202 517 283 561 103
314 517 518 572 Rufinus,
562 517 678 560 filius
722 517 941 574 Apollonii
988 519 1267 563 Naucratitae
1313 521 1531 578 sophistae
1572 521 1871 566 Philostratus
1914 525 2027 567 vitae

285 586 573 642 sophistarum
601 590 644 637 2,
671 589 744 630 29.

203 656 286 699 104
316 655 511 711 Rufinus,
536 655 590 698 ad
612 670 742 712 quem
763 656 937 712 scripsit
958 656 1127 699 Plinius
1152 658 1380 714 epistulam
1400 662 1439 710 8,
1462 662 1529 702 18.
1577 659 1724 703 Potest
1749 674 1835 704 esse
1855 661 2027 705 Fadius

283 725 347 768 vel
383 724 615 768 Trebonius
643 724 843 780 Rufinus,

204 795 283 837 105
314 794 511 849 Rufinus,
544 794 712 836 amicus
735 793 885 837 Sedati
911 794 995 836 viri
1016 796 1223 851 praetorii
1244 795 1428 840 Aristid.
1453 812 1513 840 or.
1533 801 1593 842 26
1613 813 1663 853 p.
1683 801 1777 842 515.
1824 801 2027 856 Pergami

287 863 487 906 habitans
508 877 557 917 p.
577 865 678 913 526,
709 865 900 905 mortuus
927 877 974 917 p.
998 866 1094 905 510.
1158 864 1305 907 Medio
1335 866 1515 909 seeundo
1546 868 1716 910 saeculo
1744 869 1904 922 floruit.
1954 869 2023 924 Cf.

287 933 414 974 etiam
443 931 469 976 l.
503 946 536 974 e.
559 946 608 986 p.
629 934 724 974 514.
754 934 841 975 532
859 945 942 985 seq.
1003 932 1316 987 Waddinyton,
1348 936 1570 978 me'moires
1601 936 1650 979 de
1682 937 1926 981 l'aeade'mie
1957 939 2028 982 des

286 1002 414 1044 inser.
447 1004 486 1043 et
517 1000 655 1043 belles·
664 1001 806 1043 lettres
823 1000 919 1044 XX
928 1000 1000 1051 VI,
1033 1004 1071 1052 1,
1105 1003 1217 1043 1867
1235 1017 1283 1056 p.
1305 1005 1395 1046 257
1412 1017 1493 1058 seq.
1524 1004 1709 1058 fortasse
1740 1021 1831 1049 eum
1852 1010 2026 1062 patrem

285 1071 417 1125 fuisse
447 1069 552 1112 dicit
583 1069 763 1112 Claudii
791 1069 946 1125 Rufini
973 1069 1187 1125 sophistae
1216 1071 1263 1113 in
1289 1073 1472 1115 nummis
1498 1073 1745 1129 Smyrnaeis
1773 1076 1850 1118 sub
1872 1076 2025 1120 Severo

283 1139 506 1182 nominati.

200 1210 283 1253 106
314 1208 509 1264 Rufinus,
532 1207 735 1264 Cyp1·iuS‚
764 1208 1084 1265 peripateticus,
1108 1207 1300 1264 claudus,
1324 1225 1351 1252 a
1367 1210 1638 1254 Demonacte
1667 1213 1819 1256 irrisus
1840 1215 2022 1258 Duoian.

284 1279 356 1321 vit.
387 1277 568 1321 Demon.
599 1279 666 1320 54.

199 1347 281 1391 107
311 1353 528 1389 RVFINVS
559 1347 631 1388 vir
661 1345 949 1402 clarissimus,
992 1346 1194 1390 tribunus
1234 1345 1482 1390 laticlavius
1513 1356 1709 1393 mortuus
1740 1366 1778 1394 a.
1807 1353 1891 1395 222
1919 1351 2022 1395 Cod.

282 1417 390 1459 Iust.
412 1419 450 1467 6,
472 1419 543 1468 21,
564 1419 603 1458 4.

198 1485 280 1530 108
312 1488 551 1536 RVFINVS,
590 1492 819 1542 postquam
861 1484 1155 1540 (Septimium)
1181 1484 1462 1528 Odenathum
1500 1487 1720 1531 interemit
1751 1487 1801 1542 (c.
1833 1503 1873 1534 a.
1904 1489 2020 1545 251),

284 1554 338 1598 ab
378 1556 470 1597 eius
508 1553 597 1597 filio
639 1552 880 1609 (Septimio)
924 1553 1154 1597 Odenatho
1204 1561 1433 1597 accusatus
1484 1555 1603 1613 apud
1649 1557 1899 1600 Gallienum
1944 1558 2024 1614 (vel

282 1625 429 1680 potius
459 1623 780 1679 'Trebonianum
813 1616 990 1666 Gallum
999 1623 1051 1679 .?)‚
1085 1623 1175 1666 Dio
1206 1624 1362 1666 contin.
1394 1638 1426 1667 s.
1459 1639 1495 1667 v.
1527 1625 1740 1669 Odenathi
1769 1627 1851 1670 duo
1863 1642 1913 1682 p.
1934 1630 2025 1671 224

280 1693 430 1744 Dind„
453 1693 506 1747 ef.
531 1693 685 1737 Wadd.
709 1693 768 1735 ad
784 1707 825 1736 n.
847 1696 974 1744 2600,
1008 1693 1081 1747 qui
1110 1707 1204 1735 eum
1234 1692 1419 1748 leyatum
1441 1697 1573 1749 putat
1593 1696 1846 1750 provinciae
1868 1696 2024 1751 Syriae

283 1763 535 1814 Phoenices,
577 1762 635 1805 ad
670 1777 798 1817 quam
827 1762 1037 1817 Palmyra
1060 1763 1319 1816 pertinebat.
1382 1762 1528 1806 Potest
1556 1778 1653 1806 vero
1683 1766 1811 1807 etiam
1844 1766 2027 1820 eoyitari

283 1832 333 1875 de
353 1832 583 1888 provincia
616 1831 811 1883 Arabia,
847 1846 938 1874 eum
969 1832 1014 1874 in
1048 1832 1111 1874 tit.
1147 1831 1404 1887 Palmyreno
1450 1832 1604 1876 Wadd.
1641 1837 1756 1877 2600
1793 1833 2026 1889 Septimius

281 1900 508 1945 Haeranes
543 1900 758 1944 Odenathi
788 1900 999 1957 (maioris)
1030 1900 1147 1956 filius
1178 1915 1217 1944 a.
1245 1904 1330 1944 251
1365 1901 1595 1945 honoretur
1627 1917 1655 1945 a
1683 1903 1818 1946 milite
1848 1903 2024 1958 leyionis

281 1970 370 2014 III
390 1969 650 2026 Cyrenaicae
670 1969 919 2013 Bostrenae.
971 1970 1078 2012 Tum
1109 1971 1299 2025 conferri
1318 1974 1462 2025 potest
1491 1970 1560 2013 hie
1586 1971 1774 2027 Rufinus
1800 1987 1894 2014 eum
1915 1971 2021 2014 Coc-

281 2039 391 2095 (ceio
403 2039 444 2094 ?)
477 2039 666 2095 Rufi[no]
699 2038 842 2095 legato
863 2039 1059 2082 Arabiae
1088 2039 1135 2081 in
1166 2040 1229 2082 tit.
1251 2039 1431 2083 Adraae
1458 2055 1547 2094 rep.
1578 2041 1731 2084 Wadd.
1752 2045 1867 2085 2070
1879 2056 1912 2084 e.

196 2109 278 2153 109
310 2115 353 2153 L.
374 2115 592 2151 RVFINVS
619 2108 746 2151 XIV
757 2111 884 2152 2866.
926 2107 995 2151 VI
1007 2111 1101 2152 191.
1133 2108 1311 2164 Imhoof
1332 2123 1441 2153 mon.
1461 2123 1527 2164 qr.
1549 2124 1598 2164 p.
1620 2109 1716 2154 222
1741 2125 1783 2153 n.
1804 2113 1871 2153 56.
1920 2110 2022 2154 Vide

280 2178 333 2221 L.
363 2178 450 2220 Liv
468 2211 477 2220 .
496 2212 503 2219 .
522 2211 530 2220 .

195 2248 278 2291 110
308 2247 494 2290 Rufinus
534 2245 770 2301 Lib(eralis
781 2246 844 2302 P),
889 2246 1215 2304 pro[c(urator)]
1257 2247 1510 2304 provinciae
1540 2248 1841 2291 Mauretaniae
1871 2249 2020 2305 Tingi-

281 2323 409 2359 tanae
439 2332 477 2359 a.
501 2317 583 2359 196
615 2317 678 2359 tit.
710 2316 943 2359 Ravennas
971 2316 1054 2360 XI
1073 2319 1114 2359 8.

197 2385 380 2430 1111112
413 2419 423 2429 .
442 2391 638 2428 ..OSIVS
669 2392 901 2429 RVFINVS.
966 2385 1102 2429 Tituli
1136 2385 1360 2429 Thracici:
1398 2386 1579 2429 Graeci:
1616 2386 1727 2430 GIG
1756 2389 1868 2430 3708
1897 2387 2021 2430 semel

279 2469 388 2500 saec,
420 2455 546 2498 XVI
569 2455 825 2511 descriptus,
868 2470 1011 2498 errore
1041 2456 1152 2498 inter
1184 2454 1409 2511 Cyzicenos
1439 2455 1576 2498 editus
1606 2454 1690 2513 (1)‚·
1719 2456 2020 2511 Arehaeoloy:

281 2524 500 2579 epiyraph.
535 2524 866 2580 Mittheilunyen
907 2538 984 2567 aus
1023 2524 1284 2568 Oesterreieh
1318 2528 1383 2576 14,
1417 2528 1528 2568 1891
1549 2539 1597 2579 p.
1620 2528 1701 2568 156
1729 2524 1819 2580 (2),·
1848 2526 2021 2568 Latini:

280 2593 804 2650 Arehaeoloyeepiyraph.
828 2594 977 2637 Mitth.
999 2597 1065 2644 15,
1097 2597 1213 2637 1892
1233 2609 1281 2650 p.
1305 2597 1358 2637 95
1387 2608 1430 2636 n.
1449 2597 1502 2637 16
1525 2613 1580 2629 =
1599 2594 1689 2636 III
1712 2594 1758 2636 S.
1779 2597 1917 2637 12339
1938 2594 2021 2649 (3);

279 2663 367 2704 ΙΙΙ
392 2663 438 2705 S.
460 2666 600 2707 12338
630 2663 703 2719 (4).
754 2663 821 2706 De
843 2665 1124 2718 praenomine
1155 2667 1194 2707 et
1217 2663 1435 2718 yentilieio
1465 2677 1550 2706 non
1580 2666 1768 2715 constant,-
1800 2662 2021 2721 Ἀπρώσιος

281 2735 309 2774 t.
341 2735 396 2784 2;
426 2733 694 2780 Α...πώσιος
726 2736 753 2776 t.
784 2736 835 2785 1;
864 2734 915 2776 L.
948 2733 1172 2788 P..si(us)
1205 2737 1233 2775 t.
1263 2736 1302 2784 3,
1342 2733 1417 2775 sed
1454 2732 1565 2775 idem
1599 2732 1658 2775 ad
1687 2732 1809 2775 aliud
1837 2732 2017 2775 eiusdem

281 2802 469 2844 auctoris
499 2801 794 2857 apoyraphum
815 2802 889 2859 Sp.
914 2835 923 2845 .
938 2836 946 2845 .
962 2802 1136 2858 .si(us)3
1160 2802 1297 2857 periit
1322 2801 1585 2857 yentilieium
1614 2802 1661 2843 in
1692 2805 1718 2844 t.
1740 2805 1779 2846 4.
1825 2802 2018 2857 Legatus

282 2885 359 2926 pro
391 2877 590 2928 praetore
620 2871 834 2914 Thraciae
865 2875 894 2914 t.
928 2875 1027 2922 1-4,
1066 2871 1147 2914 sub
1178 2871 1376 2914 Macrino
1409 2874 1437 2913 t.
1464 2874 1504 2925 3,
1537 2870 1617 2913 sub
1647 2869 1886 2925 Elagabalo
1920 2873 1948 2912 t.
1981 2874 2016 2914 1.

206 2966 265 2971 —
308 2939 520 2984 Aemilius
550 2940 746 2985 Rufinus

206 3035 264 3040 -
307 3009 524 3066 [ANJNIVS
555 3010 820 3066 RV[F1N]VS.

206 3103 264 3110 -—
308 3079 478 3122 Annius
508 3079 704 3122 Rufinus.

206 3172 264 3178 —
305 3147 522 3190 Antistius
553 3148 750 3191 Rufinus.

207 3242 262 3247 —
307 3223 491 3259 ANTIVS
523 3223 755 3261 RVFINVS.

211 3311 264 3316 —
307 3293 358 3327 M.
392 3292 646 3328 ANTONIVS
677 3292 911 3329 RVFINVS.

206 3381 263 3385 -—
306 3362 583 3398 APPVLEIVS
615 3361 845 3399 RVFINVS.
