2242 3672
147 254 350 291 VALENS·
463 257 472 260 ”
1014 250 1102 294 349
1770 256 1971 292 VALENS

232 386 370 440 periit
400 389 566 428 tantum
595 386 682 442 filii
708 387 981 438 vocabulum,
1015 390 1054 429 et
1086 385 1156 430 VI
1179 390 1316 438 1102,
1345 387 1422 430 ubi
1450 387 1536 443 filii
1562 387 1813 430 vocabulum
1844 391 1972 439 extat,

230 455 378 510 patris
417 469 566 498 nomen
598 456 763 511 periiO.
813 456 977 499 Frater
1012 456 1102 498 sine
1139 455 1266 499 dubio
1306 458 1446 499 minor
1478 457 1527 510 Q.
1559 457 1771 500 Herennii
1798 457 1978 501 Etrusci

235 524 392 566 Messii
420 523 569 575 Decii,
612 538 704 567 cum-
744 539 824 579 quo
863 525 1146 579 coniunyitur,
1185 525 1261 568 sed
1297 526 1362 568 ita
1396 529 1445 568 ut
1474 526 1546 569 ille
1577 529 1818 569 constanter
1844 541 1973 582 prae-

234 592 356 635 cedat
389 593 450 635 II
475 595 594 637 4957.
630 596 752 636 4958.
798 594 888 636 III
909 596 1030 637 3746.
1066 595 1191 636 5988.
1227 596 1352 636 5989.
1402 594 1526 637 VIII
1550 597 1698 639 10051.
1740 594 1822 638 XI
1843 598 1970 646 3088,

234 662 333 703 item
354 662 401 703 in
423 676 593 716 papyro
626 661 949 713 Vindobonensi,
980 665 1109 704 natus
1140 666 1180 705 et
1204 663 1294 717 ipse
1317 666 1424 718 puto
1446 664 1668 706 Herennia
1690 662 1974 719 Cupressenia

232 729 496 781 Etruscilla,·
530 744 631 772 nam
661 730 730 772 hic
758 730 925 773 videtur
955 731 1064 773 alter
1094 745 1144 773 eac
1175 731 1524 784 adulescentibus,
1557 747 1735 787 quorum
1765 733 1972 788 imagines

235 798 551 853 coniunyuntur
580 812 672 840 cum
703 799 964 854 imayinibus
983 799 1112 842 Decii
1131 803 1170 842 et
1190 800 1453 844 Etruscillae
1472 801 1519 844 in
1538 802 1721 844 nummis
1742 801 1872 844 Decii
1901 817 1970 856 ap.

234 866 373 910 Cohen
404 867 464 910 V2
488 882 537 922 p.
559 871 658 918 206,
690 867 820 910 Decii
839 872 878 911 et
896 869 1159 911 Etruscillae
1188 870 1242 912 ib.
1268 884 1317 923 p.
1339 873 1436 921 207,
1468 870 1732 913 Etruscillae
1752 870 1884 913 solius
1913 871 1972 913 ib.

230 951 279 991 p.
299 938 427 980 214s5
457 951 499 978 n.
521 941 559 978 1.
581 939 624 979 2.
651 962 703 966 -—
729 936 902 992 Caesar,
928 938 1224 980 nobilissimus
1246 937 1408 980 Caesar
1428 940 1602 989 nummi,
1637 939 1764 981 tituli.
1812 939 1974 982 Caesar

237 1004 464 1059 Augustus
495 1005 586 1047 III
606 1007 730 1048 5988.
766 1008 889 1061 5989,
933 1007 953 1048 ὁ
997 1006 1309 1063 θεοφιλέστατος
1351 1006 1506 1064 Καῖσαρ
1547 1007 1732 1062 (nomen)
1774 1008 1974 1065 Σεβαστός

235 1077 262 1116 t.
292 1073 559 1116 Ceramensis
590 1074 662 1129 (cf.
693 1077 858 1130 supra),
902 1075 1038 1117 abusu
1078 1075 1225 1126 solito,
1266 1075 1340 1117 sed
1377 1076 1441 1118 ita
1481 1079 1528 1118 ut
1559 1079 1690 1130 patre
1725 1077 1972 1131 inferiorem

237 1143 370 1197 fuisse
401 1157 494 1185 eum
525 1146 747 1197 appareat.
793 1143 1047 1186 Tribunieia
1068 1150 1281 1200 potestate
1304 1145 1347 1186 II
1374 1144 1539 1199 (adhue
1561 1144 1740 1200 Caesar)
1768 1144 1836 1187 VI
1848 1148 1972 1190 1102.

240 1212 349 1268 Imp.
373 1211 476 1255 Cae.
499 1211 547 1255 O.
570 1211 668 1254 Val.
691 1212 798 1254 Hos.
820 1212 884 1254 vel
905 1213 1031 1254 Host.
1051 1213 1159 1254 Mes.
1183 1212 1372 1266 Quintus
1395 1212 1512 1268 Aug.
1540 1214 1704 1256 nummi
1723 1228 1792 1268 ap.
1815 1212 1976 1258 Eckhel

241 1284 278 1332 7,
300 1283 393 1331 353,
428 1278 566 1323 Cohen
590 1295 633 1323 n.
658 1284 694 1323 7.
716 1284 756 1325 8.
779 1285 854 1324 22.
875 1285 934 1324 29
957 1285 1045 1331 cet„
1078 1282 1179 1338 imp.
1212 1280 1260 1324 C.
1293 1282 1399 1324 Mes.
1422 1281 1611 1335 Quintus
1635 1282 1747 1337 Aug.
1778 1297 1975 1326 nummus

232 1363 343 1392 unus
374 1364 442 1404 ap.
474 1349 638 1392 Eckhel
669 1349 694 1394 l.
728 1364 775 1400 c.‚
814 1349 956 1392 Cohen
984 1365 1026 1392 n.
1047 1353 1114 1392 58.
1169 1350 1242 1404 (Α.
1273 1351 1376 1404 251)
1407 1357 1506 1407 post
1534 1358 1719 1393 mortem
1750 1354 1885 1407 patris
1917 1350 1974 1404 (et

233 1418 405 1473 fratris)
437 1418 669 1475 adoptatus
690 1434 716 1461 a
738 1417 806 1472 (C.
828 1419 960 1461 Vibio
982 1419 1277 1473 Treboniano)
1301 1419 1427 1463 Gallo
1450 1419 1650 1474 Augusto
1672 1420 1830 1463 Zosim.
1854 1424 1893 1471 1,
1915 1423 1973 1464 25

234 1487 326 1542 (qui
350 1501 501 1530 nomen
528 1501 614 1530 non
646 1488 787 1541 ponit,
827 1487 902 1530 sed
931 1491 1075 1541 aperte
1105 1488 1214 1530 hunc
1242 1489 1469 1543 siqnificat‚
1503 1502 1596 1531 cum
1625 1490 1756 1531 verba
1785 1490 1896 1543 facit
1926 1490 1976 1532 de

232 1570 278 1599 eo
319 1571 370 1599 ex
407 1556 536 1599 Decii
574 1556 680 1611 filiis
725 1557 800 1610 qui
838 1557 965 1610 patri
1002 1557 1312 1610 supervixerit).
1384 1557 1491 1599 Post
1534 1564 1714 1599 mortem
1758 1558 1885 1600 Decii
1932 1565 1975 1600 et

232 1626 406 1668 Etrusci
438 1640 526 1667 una
555 1639 654 1667 eum
678 1624 804 1669 Gallo
829 1625 1101 1667 Hostilianus
1133 1626 1368 1682 imperator
1384 1626 1570 1668 ‘oreatus
1604 1626 1746 1668 Victor
1773 1625 1893 1669 Caes.
1916 1630 1975 1670 29

234 1694 324 1750 (qui
351 1693 518 1736 videtur
547 1694 809 1748 iynoravisse
839 1708 932 1736 eum
961 1694 1099 1749 silium
1130 1693 1257 1737 Decii
1285 1694 1459 1749 fuisse);
1498 1701 1596 1751 post
1631 1702 1814 1737 mortem
1851 1696 1975 1737 Decii

236 1763 404 1820 filiique
446 1762 599 1807 Gallus
645 1762 920 1805 Hostilianus
967 1770 1009 1805 et
1056 1762 1174 1806 Galli
1218 1762 1334 1805 filius
1379 1762 1645 1805 Volusianus
1692 1765 1974 1820 imperatores

235 1833 370 1874 creati
401 1832 584 1886 Eutrop.
611 1835 649 1882 9,
682 1835 708 1874 5
739 1832 975 1887 (tamquam
1003 1845 1114 1873 unus
1144 1831 1297 1884 fuisset
1322 1831 1476 1874 Gallus
1509 1832 1824 1887 Hostilianus),·
1857 1832 1976 1877 Galli

236 1908 279 1943 et
307 1900 537 1943 Volusiani
583 1900 849 1957 temporibus
895 1899 1168 1942 Hostilianus
1214 1901 1438 1957 Perperna
1477 1916 1503 1942 a
1544 1908 1699 1943 senatu
1738 1902 1973 1957 imperator

235 1975 404 2011 creatus
437 1969 580 2012 Victor
600 1970 698 2024 epit.
717 1972 785 2013 30.
834 1968 1043 2026 (Philippi
1067 1969 1336 2026 temporibus
1359 1970 1595 2025 imperator
1616 1975 1787 2011 oreatus
1810 1971 1971 2013 Zonar.

235 2041 306 2090 12,
338 2042 411 2094 18,
463 2040 699 2095 imperator
739 2039 822 2081 fuit
862 2039 975 2080 inter
1016 2039 1290 2082 Gordianum
1333 2046 1376 2080 et
1416 2039 1666 2095 Philippum
1706 2039 1919 2082 Cedrenus
1949 2040 1981 2080 I

231 2122 280 2163 p.
295 2111 376 2151 451
392 2108 566 2163 Bonn.).
604 2108 704 2150 Non
724 2107 860 2149 multo
888 2114 987 2163 post
1006 2107 1252 2164 pestilentia
1275 2115 1555 2164 consumptus
1579 2115 1644 2150 est
1672 2108 1815 2150 Victor
1837 2107 1971 2157 C'aes.⁷

236 2178 360 2231 epit.‚·
394 2177 544 2219 morbo
582 2184 806 2233 correptus
837 2177 963 2218 venis
995 2177 1142 2218 incisis
1174 2177 1398 2230 sanguinis
1430 2177 1653 2218 emittendi
1685 2192 1817 2219 eausa
1846 2178 1976 2233 periit

237 2246 412 2297 Zonar.,
442 2246 679 2297 Cedrenus;
701 2245 817 2290 Galli
840 2245 938 2287 dolo
961 2244 1158 2287 sublatus
1180 2245 1338 2288 Zosim.
1355 2249 1394 2295 1,
1416 2248 1474 2289 25
1496 2246 1748 2302 (imperavit
1769 2259 1906 2287 annos
1930 2245 1973 2286 ΙΙ

238 2314 479 2370 Cedrenus).
535 2314 739 2357 Videntur
768 2315 902 2369 iyitur
932 2313 1181 2356 Hostiliano
1213 2313 1478 2367 aliquantum
1510 2314 1707 2368 temporis
1738 2314 1865 2356 etiam
1894 2314 1971 2355 sub

236 2384 368 2427 Gallo
397 2387 436 2426 et
467 2383 696 2427 Volusiano
735 2383 799 2425 vel
831 2383 1029 2426 Caesaris
1067 2382 1131 2424 vel
1171 2383 1299 2424 etiam
1328 2383 1516 2436 Auyusti
1554 2382 1732 2424 honores
1770 2383 1975 2424 mansisse

239 2454 301 2509 (in
340 2453 477 2495 titulis
515 2456 667 2502 tamen,
702 2455 740 2494 et
771 2455 916 2494 extant
945 2465 1031 2493 non
1052 2452 1190 2505 pauci
1226 2450 1356 2493 Gallo
1388 2454 1427 2493 et
1467 2450 1698 2493 Volusiano
1727 2463 1973 2500 communes,

236 2536 467 2576 numquam
506 2536 599 2564 cum
636 2521 703 2563 his
742 2521 806 2563 ‘oel
846 2520 980 2563 altero
1019 2519 1082 2562 vel
1123 2520 1326 2562 ambobus
1367 2518 1675 2574 coniunyitur),
1716 2518 1844 2561 donec
1883 2519 1976 2572 fato

239 2591 510 2646 funyeretum
551 2589 667 2644 apud
694 2591 923 2645 scriptores
962 2592 1103 2631 autem
1129 2589 1376 2631 memoriam
1408 2589 1498 2631 eius
1529 2603 1557 2630 a
1585 2588 1734 2643 patris
1772 2588 1977 2630 memoria

239 2663 486 2714 separatam
515 2659 670 2713 vayari
699 2659 880 2714 coepisse
908 2672 994 2701 non
1022 2658 1087 2699 ita
1113 2658 1280 2701 mirum.

167 2753 211 2759 —
241 2729 291 2772 P.
323 2729 472 2771 Aelius
502 2728 678 2772 Valens.

152 2822 211 2827 —
240 2798 288 2840 L.
324 2797 534 2841 Caninius
564 2796 742 2840 Valens.

155 2890 212 2895 —-
240 2866 458 2908 Donatius
489 2865 666 2908 Valens.

154 2958 212 2964 -—
242 2940 421 2977 FABIVS
454 2940 667 2977 VALENS.

154 3027 212 3032 —
241 3002 404 3046 Fabius
435 3002 611 3046 Valens.

159 3097 209 3100 -
242 3078 456 3114 FLAVIVS
487 3077 702 3113 VALENS.

155 3147 214 3170 —*-
243 3147 286 3183 L.
318 3146 532 3181 FVLVIVS
564 3145 816 3181 ABVRNIVS
847 3145 1061 3182 VALENS.

156 3233 214 3239 -——
244 3215 411 3251 IVLIVS
440 3214 653 3253 VALENS.

158 3302 215 3307 —-
243 3277 379 3319 Iulius
412 3276 587 3320 Valens,

157 3370 214 3376 —-
246 3345 294 3389 C.
326 3345 500 3400 Iul(ius)
534 3344 708 3389 Valens.
