2242 3672
145 262 397 299 TVRRINVS
1016 257 1100 299 345
1782 262 1968 300 TVSCVS

231 394 405 438 Tiberis
437 398 464 440 t.
496 399 529 438 2
568 395 635 452 (de
673 410 844 438 munere
875 397 929 450 ef.
964 396 1203 438 Mommsen
1235 394 1422 438 Staatsr.
1452 395 1534 437 11⁸
1558 410 1606 450 10·
1639 397 1748 438 1050
1788 398 1874 439 not.
1906 398 1968 451 2).

232 464 487 507 Praefectus
529 464 718 507 cohortis
749 464 1036 509 Gaetulorum
1077 468 1105 507 t.
1136 468 1169 508 2
1199 466 1303 521 (una
1334 479 1384 507 ex
1415 465 1704 519 praefecturis
1734 468 1970 507 memorata

233 537 327 576 erat
356 535 485 576 etiam
514 537 539 579 t.
572 534 627 589 1).
683 534 906 577 Tribunus
947 533 1131 577 militum
1173 533 1357 589 legionis
1388 533 1581 576 decimae
1614 537 1641 578 t.
1672 538 1716 578 2.
1777 534 1828 576 In
1862 534 1967 576 urbe

234 602 421 644 Lavinio
453 617 542 644 non
572 602 709 645 solum
732 602 976 659 praefectus
999 603 1094 644 iure
1115 602 1318 658 dicundo,
1351 602 1426 644 sed
1459 603 1586 645 etiam
1618 609 1743 659 pater
1773 607 1968 659 patratus

233 670 383 728 populi
402 671 635 714 Laurentis
658 671 846 713 foederis
873 685 971 713 cum
999 670 1159 728 populo
1181 672 1375 714 Romano
1408 670 1667 727 (quotannis)
1699 670 1968 727 percutiendi

235 754 377 794 causa,
400 738 637 795 multisque
657 738 752 781 aliis
775 739 1027 781 sacerdotiis
1054 747 1231 782 ornatus
1253 743 1281 782 t.
1297 744 1329 783 2
1344 740 1499 795 (minus
1512 739 1638 794 plene
1661 743 1687 783 t.
1706 739 1763 794 1).
1794 739 1969 781 Lavinii

233 823 357 851 sacra
387 807 491 850 fecit
520 822 634 850 anno
665 809 720 850 36
749 807 821 850 vel
850 809 906 851 37
939 811 967 850 t.
998 812 1037 850 1.
1099 809 1317 865 Pompeiis
1358 810 1395 850 ei
1439 814 1582 850 statua
1616 807 1827 851 collocata
1858 809 1970 850 inter

233 891 369 918 annos
399 877 454 919 47
487 883 530 919 et
560 878 616 920 54
647 880 675 920 t.
696 880 728 920 2
758 877 936 932 (tempus
967 877 1116 932 definit
1146 877 1391 920 litteratura
1418 877 1700 932 Claudiana).

162 970 220 976 —
265 944 446 988 Clodius
477 946 707 988 Turrinus.

147 1014 228 1057 301
263 1013 487 1057 Turullius
519 1014 715 1071 Cerialis,
754 1015 926 1057 ordines
958 1017 1000 1057 in
1033 1017 1269 1060 Germania
1299 1015 1497 1070 duxerat,
1530 1030 1568 1060 a.
1600 1015 1655 1058 69
1686 1014 1970 1072 primipilaris

234 1084 278 1125 in
309 1085 506 1126 exercitu
526 1083 724 1140 Othonis,
758 1100 856 1127 cum
882 1086 1034 1141 paucis
1056 1084 1245 1127 classicis
1266 1083 1443 1127 abeunti
1462 1100 1487 1126 a
1509 1083 1735 1126 Placentia
1757 1083 1970 1126 Caecinae

233 1167 280 1194 se
310 1151 490 1195 tradidit
522 1153 622 1195 Tae.
644 1152 685 1196 h.
707 1156 752 1204 2,
772 1156 848 1196 22.

148 1222 232 1264 302
264 1221 507 1264 Tuscenius
549 1222 698 1277 Felix,
742 1221 988 1279 primipilus
1030 1223 1208 1276 iterum,
1253 1237 1308 1264 ex
1337 1223 1594 1264 auctoritate
1626 1222 1728 1277 imp.
1759 1220 1969 1263 Antonini

236 1291 303 1333 Pii
345 1292 604 1334 sententiam
645 1291 758 1334 dixit
799 1293 913 1334 inter
942 1290 1206 1334 Ardeatinos
1239 1298 1281 1333 et
1311 1292 1456 1333 nescio
1489 1306 1619 1347 quem
1659 1289 1869 1347 populum
1899 1289 1993 1348 vel,

234 1361 453 1417 privatum
486 1361 592 1403 liber
623 1361 698 1403 eol.
722 1375 760 1415 q.
783 1360 836 1411 d„
870 1360 1114 1415 Scriptores
1137 1361 1368 1415 yromatiei
1386 1360 1420 1402 I
1434 1375 1482 1415 p.
1505 1362 1588 1403 251
1620 1359 1682 1402 ed.
1704 1358 1969 1410 Lachmann,

235 1430 290 1484 ef.
323 1428 437 1472 CIL.
466 1429 581 1484 Xp.
605 1433 698 1472 676.

159 1523 216 1528 —
263 1505 306 1550 Q.
340 1504 585 1541 OCTAVIVS
617 1504 860 1541 VOLVSIVS
891 1499 1235 1554 THVSCENJIVS]
1266 1532 1391 1542 .....

160 1591 219 1598 -·-
261 1575 305 1613 L.
337 1573 591 1610 RAGONIVS
622 1573 894 1610 VRINATIVS
925 1574 1203 1610 TVSCENIVS
1237 1574 1557 1620 QVINTIANVS.

148 1637 233 1679 303
264 1637 521 1692 Tuscianus,
555 1637 662 1679 iuris
691 1636 925 1692 consultus,
959 1638 1034 1694 qui
1067 1639 1173 1692 (una
1203 1653 1300 1680 cum
1322 1637 1520 1680 Aburnio
1543 1636 1728 1679 Valente
1759 1642 1801 1678 et
1823 1635 1971 1679 Salvio

234 1705 423 1760 Iuliano)
455 1707 661 1748 successit
685 1706 892 1749 Iavoleno
922 1707 1072 1750 Prisco
1095 1706 1199 1762 Diq.
1222 1711 1260 1758 1,
1283 1710 1326 1758 2,
1349 1710 1392 1757 2,
1413 1708 1480 1749 53.
1529 1705 1764 1748 Praeterea
1793 1706 1973 1760 iynotus.

147 1776 232 1819 304
262 1774 481 1818 Tuscilius
510 1776 770 1818 Nominatus
792 1777 869 1832 (sic
889 1776 970 1819 IX
987 1779 1097 1819 5746
1127 1779 1166 1819 et
1195 1776 1317 1818 Ptin.
1338 1790 1401 1830 ep.
1423 1779 1461 1826 5,
1484 1778 1550 1825 13,
1573 1779 1598 1817 1
1628 1775 1806 1829 itemque
1825 1777 1864 1824 5,
1887 1777 1925 1823 4,
1949 1776 1973 1814 1

235 1848 343 1888 certe
372 1845 419 1887 in
441 1848 572 1899 parte
601 1844 805 1898 coelicam,-
835 1845 1067 1888 Tusculius
1093 1846 1156 1888 vel
1180 1844 1398 1887 Tuscillus
1419 1845 1678 1887 Nominatus
1706 1843 1786 1886 alii
1814 1842 1976 1885 codices

235 1913 262 1956 l.
294 1912 360 1967 (3.),
402 1928 631 1956 causarum
661 1920 794 1970 actor,
835 1914 953 1971 quod
985 1929 1160 1957 causam
1191 1915 1507 1968 Vicetinorum,
1549 1927 1680 1970 quam
1711 1917 1972 1968 susceperat,

235 1982 422 2038 pecunia
461 1988 640 2040 accepta
677 1982 961 2036 deseruisset,
1003 1998 1150 2026 coram
1194 1990 1347 2026 senatu
1389 1990 1617 2025 accusatus
1658 1988 1701 2024 et
1731 1980 1969 2033 absolutus,

236 2067 275 2094 a.
294 2051 375 2094 105
393 2051 510 2094 Ptin.
534 2067 596 2107 ep.
617 2055 655 2103 5,
673 2056 712 2095 4.
735 2055 774 2104 5,
794 2056 860 2095 13.
890 2054 997 2096 Eius
1019 2052 1303 2095 hereditatem
1324 2053 1499 2108 (scilieet
1518 2050 1710 2094 heredem
1731 2050 1978 2092 instituerat

243 2120 497 2178 Traianum)
528 2121 744 2164 Traianus
775 2122 837 2163 rei
867 2120 1069 2179 publicae
1099 2122 1397 2164 Ricinensium
1429 2121 1643 2163 concessit
1672 2119 1752 2162 IX
1779 2121 1899 2161 5746.

165 2213 222 2218 —
265 2195 309 2232 L.
341 2195 579 2231 MEMMIVS
611 2195 881 2232 TVSCILLVS
916 2179 1146 2233 SENECIO.

164 2282 221 2287 —
265 2263 346 2300 GN.
376 2265 606 2301 PAPIRIVS
639 2265 893 2301 AELIANVS
925 2260 1275 2315 AEMIL[IANVS]
1307 2266 1596 2302 TVSCILLVS.

150 2328 234 2370 305
268 2325 501 2371 *TVSCIVS
532 2334 809 2371 FVSCIANVS
842 2328 1012 2384 legatus
1044 2329 1276 2371 Numidiae
1307 2328 1411 2384 Diy.
1437 2332 1505 2379 37,
1526 2331 1566 2379 5,
1591 2332 1627 2371 7.
1689 2328 1855 2370 Nomen
1886 2340 1974 2368 eor-

235 2399 431 2451 ruptum,·
459 2397 719 2453 intelleqitur
748 2399 799 2440 L.
835 2398 1079 2441 Matueeius
1109 2398 1337 2450 Fuscinus,
1370 2399 1425 2453 ef.
1456 2413 1591 2453 supra
1620 2398 1696 2440 sub
1728 2397 1817 2440 hoe.

151 2465 236 2508 306
267 2465 448 2521 Tuscus,
482 2474 623 2522 poeta,
657 2466 803 2510 Ovidii
836 2467 1046 2524 aequalis,
1073 2469 1162 2524 ‘qui
1186 2467 1389 2524 Phyllide
1411 2483 1490 2510 sua
1511 2474 1682 2510 nomen‘
1708 2472 1860 2508 nactus
1884 2470 1976 2505 erat

237 2534 355 2578 Ovid.
385 2550 436 2578 ex
466 2535 517 2578 P.
541 2539 581 2587 4,
603 2539 667 2587 16,
689 2540 760 2581 20.
820 2536 887 2591 Cf.
925 2536 1087 2588 Teuffel
1115 2540 1218 2588 252,
1246 2540 1286 2581 8.

152 2603 235 2646 307
268 2604 449 2659 Tuscus,
482 2604 725 2658 historicus,
758 2604 920 2660 fatuus,
954 2605 1098 2648 iudice
1129 2606 1296 2649 Seneca
1325 2620 1438 2648 suas.
1472 2609 1515 2656 2,
1547 2609 1635 2656 22,’
1669 2604 1812 2645 ‘homo
1844 2617 1973 2658 quain

239 2671 426 2728 improbi
446 2674 579 2716 animi
602 2679 688 2716 tam
710 2674 894 2716 infelicis
916 2676 1078 2729 ingeni’
1098 2675 1154 2718 ib.
1186 2675 1454 2717 Mamercum
1472 2673 1744 2728 (Aemilium)
1763 2672 1975 2715 Scaurum

239 2742 475 2784 maiestatis
506 2757 626 2784 reum
658 2742 762 2784 fecit
791 2744 848 2785 ib.
908 2743 1083 2786 Videtur
1113 2747 1191 2786 aut
1213 2742 1436 2787 Cornelius
1472 2743 1631 2785 Tuscus
1663 2745 1737 2784 aut
1769 2739 1976 2783 Servilius

245 2811 406 2853 Tuscus
437 2811 573 2853 dietus
602 2812 747 2865 fuisse,
780 2813 833 2866 ef.
861 2813 961 2857 Tae.
986 2827 1026 2857 a.
1048 2816 1087 2863 6,
1109 2815 1166 2856 29
1196 2816 1236 2855 et
1265 2827 1400 2867 supra
1426 2813 1503 2855 sub
1536 2811 1732 2855 Servilio.

155 2880 239 2922 308
270 2879 440 2922 Tuscus
482 2895 693 2922 novarum
734 2896 882 2923 rerum
919 2888 1145 2938 suspectus
1186 2882 1267 2924 sub
1307 2881 1504 2924 Macrino
1535 2881 1607 2922 vit.
1639 2878 1845 2922 Diadum.
1877 2879 1915 2926 9,
1949 2879 1974 2916 1

241 2947 377 3003 (epist.
409 2947 566 3003 fictio).

167 3041 226 3047 -
271 3015 461 3059 Caecina
491 3018 676 3060 Tuscus.

166 3111 224 3116 —-
266 3084 444 3128 Clodius
475 3086 661 3128 Tuscus.

270 3160 314 3197 L.
346 3160 601 3196 DASVMIVS
633 3154 838 3208 (Tvscvs
850 3154 905 3210 P).

268 3229 313 3265 L.
344 3229 600 3265 DASVMIVS
632 3230 844 3266 TVLLIVS
875 3229 1074 3268 TVSCVS.

270 3291 499 3335 Fabricius
530 3292 711 3335 Tuscus.

273 3360 548 3403 *MEMMIVS
579 3367 776 3406 TVSCVS.

166 3179 227 3392 llll
