2242 3672
261 253 552 288 SAPPHINIVS
1127 242 1147 283 1
1155 241 1209 283 74
1764 244 2063 281 SARMENTVS

341 399 387 438 p.
410 387 462 426 13
482 396 588 436 seq.,·
620 380 904 423 Nuniisniatic
927 377 1134 420 chronicle
1155 380 1218 428 15,
1242 379 1362 420 1852
1373 391 1423 431 p.
1446 379 1538 418 181.
1563 400 1621 405 —-
1639 375 1876 418 Infeliciter
1902 375 2064 419 bellum

344 453 456 506 gerit
495 465 592 492 cum
633 448 853 492 Gordiano
885 448 955 489 vit.
985 445 1118 488 Gord.
1149 449 1231 488 26.’
1251 449 1322 495 27,
1355 445 1511 488 Zosim.
1543 448 1582 495 1,
1616 447 1682 495 18,
1714 444 1873 489 Zonar.
1895 448 1965 495 12,
1996 447 2063 496 18,

347 519 565 574 Syncellus
575 533 622 572 p.
636 520 727 566 681,
751 516 967 557 Amnzian.
987 518 1057 565 23,
1084 517 1123 565 5,
1146 518 1213 557 17.
1254 514 1410 556 Pacem
1436 514 1542 557 facit
1561 528 1662 556 cum
1683 513 1885 569 Philippo
1907 513 2064 557 Zosim.

344 592 380 638 1,
413 592 477 637 19,
512 585 729 640 Syncellus
750 600 797 638 p.
827 587 918 633 683,
953 583 1110 627 Zonar.
1142 586 1211 633 12,
1244 586 1309 637 19,
1344 582 1554 626 Cedrenus
1583 583 1616 624 I
1639 597 1688 636 p.
1718 584 1797 624 451
1834 581 1895 624 ed.
1924 581 2065 625 Bonn.

345 656 452 698 Cum
491 654 650 696 bellum
691 658 944 694 renovasset
974 651 1240 707 temporibus
1270 648 1492 694 Valeriani
1523 650 1678 693 Petrus
1706 648 1928 692 Patricius
1955 650 2013 704 fr.
2041 653 2067 693 9

344 722 440 775 (IV
450 737 499 777 p.
521 725 604 764 187
634 721 793 775 Mun),
827 720 982 763 Zosini.
1014 723 1052 770 1,
1084 722 1149 770 36,
1182 719 1463 762 Valerianum
1498 720 1543 761 in
1573 719 1887 775 Mesopotamia
1914 719 2067 761 vivum
2135 713 2138 716 ¹

344 795 388 834 in
418 797 672 847 potestatem
705 804 826 831 suam
858 789 1026 843 redegit
1055 789 1256 830 Lactant.
1290 788 1339 830 de
1367 791 1489 831 mort.
1513 801 1626 842 pers
1651 790 1689 838 5,
1721 787 1881 830 Zonar.
1902 790 1972 838 12,
1993 789 2065 838 23,

342 860 523 913 Eutrop.
546 862 584 909 9,
610 862 645 908 7,
681 858 823 900 Victor
850 857 967 899 Caes.
987 859 1047 900 32
1076 857 1172 911 epit.
1196 860 1268 907 32,
1299 856 1406 910 Rus.
1428 855 1583 898 Festus
1602 858 1672 906 23,
1703 855 1918 911 Ayathias
1934 859 1974 906 4,
1995 858 2065 906 23,

344 928 563 982 Syncellus
597 942 644 981 p.
681 929 760 969 715
801 926 862 968 cd.
901 926 1056 976 Bonn.,
1103 924 1312 967 Cedrenus
1344 925 1379 967 I
1402 939 1449 979 p.
1481 927 1561 967 454
1595 924 1735 966 Bonn.
1794 924 2066 966 Macrianum

344 997 532 1053 (Μακριν-
564 995 766 1049 traditur)
808 995 1033 1048 invitavit,
1076 1000 1124 1036 ut
1165 993 1220 1035 ad
1247 993 1530 1036 Valerianum
1567 1008 1612 1035 se
1643 993 1859 1035 conferret
1888 995 2066 1047 excerpt.

337 1069 437 1119 post
473 1064 654 1107 Dionem
698 1063 771 1117 (cf.
802 1078 936 1118 supra
971 1064 1046 1106 sub
1079 1063 1145 1105 M.
1176 1062 1333 1104 Fulvio
1370 1061 1634 1116 Macriano).
1693 1061 1927 1104 Antiochia
1965 1062 2003 1103 ei
2042 1076 2069 1103 a

341 1133 535 1175 Mariade
576 1134 647 1188 (cf.
680 1133 755 1175 sub
786 1132 877 1186 hoc)
919 1132 1092 1188 prodita
1124 1131 1323 1173 Malalas
1354 1131 1425 1174 lib.
1455 1130 1565 1173 XII
1585 1145 1634 1185 p.
1659 1133 1745 1173 296
1763 1129 1939 1182 >Bonn.;
1968 1130 2066 1185 tri9.

344 1206 421 1256 tyr.
454 1205 495 1252 2,
528 1205 567 1246 3.
628 1200 759 1255 (Cum
800 1207 1005 1243 tractaret
1048 1215 1148 1242 cum
1189 1200 1536 1257 Sampsigeramo
1580 1198 1802 1241 sacerdote
1839 1199 2066 1254 Emeseno,

344 1286 369 1311 a
398 1270 633 1312 iaculatore
665 1269 852 1326 quodam
882 1269 1025 1325 lapide
1056 1284 1287 1325 percussus
1319 1275 1361 1310 et
1391 1269 1534 1310 statim
1566 1268 1839 1311 exanimatus
1872 1266 2069 1310 Matalas

341 1339 366 1381 l.
400 1339 465 1393 c.).
522 1339 663 1380 Etiam
697 1337 912 1380 Caesarea
943 1337 1246 1394 Cappadociae
1276 1338 1440 1393 potitur
1465 1337 1625 1379 Zonar.
1647 1339 1717 1387 12,
1739 1339 1819 1387 23;
1850 1335 2069 1391 Syncellus

334 1422 382 1461 p.
416 1411 505 1458 716,
548 1408 651 1449 item
690 1406 827 1449 Tarso
870 1406 1091 1461 Syncellus
1135 1406 1161 1448 l.
1193 1420 1227 1448 c.
1269 1406 1321 1459 cf.
1351 1405 1568 1460 Ayathias
1595 1409 1634 1455 4,
1665 1408 1736 1448 24.
1796 1405 2070 1447 Detrimenta

342 1478 380 1518 ei
422 1475 554 1518 infert
584 1475 811 1529 Callistus3
852 1475 950 1517 ideo
992 1477 1036 1517 in
1071 1489 1254 1530 regnum
1295 1489 1421 1517 suum
1448 1488 1494 1516 se
1524 1474 1678 1530 recipit
1708 1473 1928 1528 Syncelbus
1959 1472 1985 1518 l.
2017 1487 2066 1524 c„

343 1545 501 1587 Zonar.
534 1545 561 1587 l.
593 1558 626 1586 c.
640 1557 653 1595 ;
683 1545 737 1598 cf,
769 1544 923 1586 Petrus
953 1542 1175 1586 Patricius
1202 1544 1260 1597 fr.
1282 1547 1347 1587 11.
1411 1541 1655 1585 Odaenathi
1686 1541 1850 1596 legat-os
1881 1541 2069 1599 superbe

339 1620 495 1655 tractat
524 1613 678 1655 Petrus
705 1613 924 1655 Patricius
952 1614 1009 1667 fr.
1043 1616 1109 1655 10.
1160 1612 1314 1655 Victus
1344 1611 1399 1654 ab
1435 1610 1689 1654 Odaenatho
1722 1611 1818 1665 triy.
1841 1613 1922 1665 tyr.
1942 1612 2008 1663 15,
2027 1613 2068 1653 4.

338 1685 404 1732 30,
423 1686 460 1732 6,
482 1683 553 1724 vit.
574 1682 759 1725 Gallien.
776 1686 843 1733 10,
862 1682 1019 1726 Zosim.
1036 1686 1074 1733 1,
1090 1685 1158 1732 39,
1182 1682 1341 1725 Zonar.
1359 1684 1428 1731 12,
1445 1684 1516 1724 23.
1548 1680 1781 1722 Persarum
1795 1680 2068 1722 narrationes

339 1751 387 1792 de
409 1751 514 1794 bello
536 1751 717 1806 Saporis
738 1765 830 1793 cum
850 1751 1060 1793 Romanis
1076 1750 1169 1792 vide
1190 1765 1258 1805 ap.
1279 1749 1490 1792 Noeldeke
1516 1749 1680 1791 Tabari
1690 1763 1739 1803 p.
1752 1752 1812 1791 32
1832 1762 1924 1790 curn
1942 1748 2066 1791 notis.

259 1820 336 1860 139
369 1819 631 1876 Sapphinius
664 1820 741 1875 (sic
771 1819 863 1862 bell.
884 1823 922 1870 1,
946 1823 1012 1870 14,
1035 1823 1063 1862 3
1095 1820 1274 1874 optimus
1299 1818 1439 1869 codex,
1472 1818 1552 1860 alii
1571 1808 1818 1874 Σαπφήνιοὲ,
1841 1817 2067 1873 Σαφήνιος;

339 1889 550 1939 Σαππῖνος,
583 1889 789 1935 Σαππίνας
817 1889 1019 1931 scribitur
1048 1889 1094 1930 in
1126 1888 1338 1930 codicibus
1368 1890 1455 1929 ant.
1487 1891 1553 1937 14,
1581 1890 1647 1936 14,
1668 1889 1707 1937 3,
1740 1886 1959 1936 Σαπίννιος,
1991 1884 2068 1927 Σα-

339 1958 472 2007 πίνιος,
505 1956 705 2014 Σαπήνιος
734 1957 790 1998 ib.
822 1959 886 2006 16,
923 1959 964 2007 8,
993 1958 1050 2012 5),
1084 1955 1272 1998 Herodis
1303 1956 1479 2010 amicus,
1512 1970 1550 1997 a.
1583 1970 1625 1997 u.
1657 1969 1692 1996 c.
1726 1954 1809 1996 714
1836 1953 2067 1995 comitatur

339 2040 434 2066 eum
466 2025 647 2067 Romam
677 2025 842 2079 Ioseph.
874 2028 961 2067 ant.
984 2028 1049 2075 14,
1072 2028 1136 2075 14,
1157 2027 1196 2075 3,
1231 2023 1324 2066 bell.
1346 2027 1385 2075 1,
1407 2027 1471 2074 14,
1492 2026 1531 2066 3.
1583 2023 1653 2065 Ab
1674 2021 1940 2076 Alexandro,
1973 2021 2066 2063 eius

337 2092 437 2148 filio,
471 2093 743 2135 insimulatur
764 2093 930 2147 Ioseph.
953 2096 1040 2135 ant.
1061 2095 1127 2143 16,
1149 2095 1190 2142 8,
1211 2095 1251 2135 5.

255 2161 337 2203 140
367 2161 545 2204 sardius
566 2163 730 2218 Lupus,
757 2161 925 2204 ‘doctus
954 2168 994 2203 et
1025 2161 1239 2203 facundus
1259 2162 1357 2215 vir‘,
1381 2160 1613 2202 Frontonis
1634 2158 1894 2215 discipulust,
1921 2157 2065 2201 Sardii

339 2229 560 2273 Saturnini
591 2231 705 2273 filius
736 2230 903 2273 Fronto
935 2230 992 2272 ad
1022 2244 1103 2272 ani.
1125 2233 1164 2281 1,
1186 2233 1225 2273 9.
1249 2233 1316 2272 10.
1337 2233 1398 2273 20
1420 2244 1468 2284 p.
1490 2232 1586 2271 180.
1608 2231 1692 2271 187
1712 2227 1873 2271 Naber.

255 2299 331 2340 141
365 2299 545 2341 Sardius
575 2299 849 2353 Saturninus,
882 2298 1030 2342 Caelio
1061 2297 1219 2354 Optato
1252 2305 1294 2340 et
1325 2297 1529 2340 Petronio
1560 2297 1820 2339 Mamertino
1851 2310 2065 2338 commen-

338 2367 462 2409 datus
502 2383 527 2410 a
569 2368 809 2421 Frontone3
850 2374 973 2423 pater
1015 2367 1159 2410 Sardii
1200 2367 1316 2423 Lupi
1348 2367 1423 2422 qui
1465 2365 1687 2421 praecedit
1718 2364 1884 2407 Fronto
1913 2379 1977 2419 ep.
2008 2364 2067 2407 ad

339 2450 419 2479 ani.
437 2440 471 2486 1,
496 2441 532 2479 9.
556 2440 608 2478 10
620 2451 669 2491 p.
686 2439 767 2479 180
785 2436 959 2487 Nabcr,·
990 2451 1086 2477 eum
1108 2435 1162 2477 de
1183 2442 1320 2476 morte
1339 2434 1517 2477 alterius
1536 2433 1612 2475 filii
1635 2432 1882 2475 consolatur
1901 2433 2063 2474 Fronto

339 2504 395 2546 ib.
417 2509 454 2555 1,
476 2509 532 2547 20
555 2520 602 2559 p.
626 2508 709 2547 187
730 2505 881 2547 Naber
911 2504 1023 2560 (alia
1052 2503 1235 2558 epistula
1254 2503 1489 2545 Frontonis
1519 2502 1578 2545 ad
1605 2516 1698 2545 cum
1717 2502 1883 2556 periit,⁴
1899 2500 1957 2543 ad
1980 2514 2062 2542 am,

340 2575 365 2613 1
385 2573 485 2622 ind„
509 2588 556 2627 p.
580 2576 663 2616 172
685 2573 862 2628 Nabcr).

257 2642 337 2682 142
369 2641 552 2695 Sardus,
595 2643 757 2684 amicus
799 2642 950 2696 Plinii,
984 2641 1142 2684 librum
1174 2641 1364 2697 scripsit,
1406 2641 1451 2682 in
1482 2655 1564 2696 quo
1598 2638 1807 2682 nonnulla
1836 2638 1890 2680 de
1921 2636 2062 2679 Plinio

340 2709 459 2751 Ptin.
483 2724 545 2763 ep.
567 2713 604 2760 9,
625 2713 691 2752 31.

268 2801 325 2804 —
369 2776 417 2819 C.
451 2776 658 2819 Claudius
691 2778 867 2820 Sardus.

267 2869 325 2873 —
368 2846 661 2900 PosT(vMVs)
692 2853 916 2888 M1M1slvs
949 2853 1154 2890 SARDVS.

260 2913 337 2954 143
369 2920 679 2955 SARIOLENVS
702 2920 901 2956 VOCVLA
925 2915 1106 2956 ‘crebris
1137 2914 1253 2970 apud
1273 2914 1490 2956 Neronem
1520 2911 1807 2955 delationibus
1838 2911 2059 2966 famosus²,

340 2981 490 3023 eadem
521 2981 637 3037 apud
662 2981 886 3024 Vitellium
915 2982 1088 3025 molitus
1120 2990 1234 3035 erat3
1265 2997 1303 3025 a.
1327 2983 1381 3024 70
1412 2982 1533 3024 curia
1554 2988 1600 3023 ut
1627 2980 1858 3023 excederet
1887 2985 2060 3022 coactus

345 3049 443 3091 Tac.
469 3049 508 3091 h.
535 3053 573 3100 4,
594 3053 659 3093 41.

259 3117 339 3159 144
370 3117 633 3171 Sarmentus,
666 3132 815 3158 scurra
845 3118 1107 3160 Maecenatis
1128 3119 1235 3162 Hor.
1260 3122 1341 3161 sat.
1363 3123 1400 3169 1,
1422 3121 1460 3169 5,
1482 3121 1552 3168 52,
1585 3124 1627 3159 ct
1652 3117 1849 3160 Caesaris
1869 3115 2059 3170 Augusti

340 3185 458 3227 Plut.
490 3185 592 3228 Ant.
623 3187 691 3238 59,
722 3185 813 3227 Iuv.
843 3188 882 3235 5,
914 3189 954 3227 3.
1014 3187 1198 3228 Natione
1228 3187 1416 3241 Tuscus,
1459 3201 1482 3227 e
1511 3186 1637 3227 domo
1668 3185 1727 3227 M.
1760 3185 1965 3238 Favonii,
1997 3185 2058 3226 in-

341 3260 507 3295 certum
546 3252 726 3294 libertus
767 3268 821 3294 an
863 3267 1041 3307 servus3
1083 3270 1109 3296 a
1138 3255 1400 3309 Maecenate,
1440 3254 1494 3297 ad
1526 3269 1653 3311 quem
1684 3255 1814 3295 sectio
1844 3252 2058 3295 bonorum

338 3321 506 3363 Favoni
537 3322 816 3376 pertinuerat,
849 3320 1024 3363 libertas
1057 3323 1094 3363 ei
1125 3337 1350 3378 concessa3
1381 3330 1596 3379 postremo
1624 3329 1688 3365 ‘eo
1713 3321 1897 3363 fiduciae
1921 3321 2055 3369 venit,
