2242 3672
130 274 398 313 VITELLIVS
995 273 1080 318 453
1678 282 1945 319 VITELLIVS

196 407 474 465 ‘occupatum
503 407 708 451 Danuvio
741 408 949 453 devectus
980 413 1255 468 recuperavit
1283 412 1402 456 Ovid.
1430 427 1480 456 ex
1509 412 1561 456 P.
1581 416 1619 468 4,
1644 416 1681 464 7,
1705 415 1767 457 27
1783 413 1945 469 (potest

213 477 262 520 id
282 478 446 532 factum
468 490 554 519 esse
580 480 763 532 tempore
787 479 1028 522 rebellionis
1047 480 1323 524 Pannonicae
1343 481 1628 533 Dalmaticae,
1658 496 1736 537 quo
1763 485 1946 537 tempore

212 560 331 602 reyes
362 545 573 589 Thraciae
603 561 631 588 a
651 550 783 601 parte
812 547 1105 591 Romanorum
1143 553 1364 601 steterunt,
1407 565 1446 593 a.
1477 565 1525 606 p.
1554 550 1657 594 Chr.
1691 553 1799 601 6-8,
1839 555 1947 594 certe

173 673 177 677 .
213 615 376 669 factum
416 618 477 658 est
516 615 633 658 circa
671 615 774 658 haec
816 619 1028 671 tempora;
1058 621 1201 672 potest
1241 618 1432 661 Vitellius
1469 619 1668 674 leyionem
1701 619 1868 662 duxisse
1897 620 1944 663 in

175 719 178 721 .
214 684 400 727 eoeercitu
444 683 634 739 Tiberii).
700 684 883 728 Praetor
922 689 1038 738 (ante
1078 701 1235 728 annum
1267 702 1314 741 p.
1353 687 1456 731 Chr.
1486 692 1560 739 14,
1594 703 1685 731 cum
1716 689 1947 743 proconsul

157 769 159 771 ¹
213 753 347 807 fuerit
375 768 415 797 a.
436 752 561 797 18s19
590 753 654 796 vel
684 754 812 796 etiam
844 754 987 810 antea)
1020 754 1135 798 Suet.
1158 754 1184 799 l.
1207 769 1241 798 c.
1283 755 1531 798 Germanici
1563 772 1704 799 comes
1737 757 1867 808 Suet„
1900 758 1943 799 in

216 820 473 878 Germania,
516 822 771 865 iussueius
809 838 847 867 a.
879 824 930 865 15
970 822 1162 878 legiones
1201 823 1308 866 duas
1350 826 1543 867 terrestri
1585 826 1738 868 itinere
1774 825 1946 868 reducit

154 890 157 893 ⁴
219 890 318 934 Tac.
351 906 390 934 a.
421 895 471 943 1,
504 894 572 943 70,
614 907 652 934 a.
692 892 746 934 16
789 906 966 934 censum
1013 891 1256 935 Galliarum
1300 894 1388 947 egit
1430 894 1486 936 ib.
1518 897 1561 945 2,
1592 897 1629 938 6.
1707 894 1943 937 Proconsul

212 959 448 1016 Bithyniae
469 961 575 1016 (non
595 967 694 1018 post
713 976 751 1005 a.
776 960 921 1016 18s19)
951 962 1114 1003 nummi
1135 960 1474 1005 Nicomedienses
1504 977 1596 1005 cum
1624 963 1810 1018 imayine
1837 963 1943 1006 Ger-

158 1051 159 1055 =
213 1029 385 1080 manici,
419 1044 487 1085 ap.
512 1029 711 1072 Mionnet
729 1030 791 1072 II
802 1033 896 1080 466,
917 1032 999 1072 304
1021 1030 1076 1083 cf.
1110 1029 1205 1071 VII
1219 1044 1265 1083 p.
1290 1032 1357 1081 81,
1388 1031 1524 1085 suppl.
1558 1031 1600 1073 V
1619 1046 1660 1085 p.
1682 1035 1766 1074 170
1794 1046 1834 1074 n.
1858 1035 1945 1075 982

152 1132 155 1134 ,
214 1097 331 1153 (item
356 1099 403 1141 in
421 1112 526 1142 mus.
548 1098 726 1154 Berol).
770 1098 928 1142 Adfuit
949 1098 1223 1149 Antiochiae,
1255 1113 1354 1140 cum
1386 1099 1672 1142 Germanicus
1702 1108 1945 1143 moreretur

215 1168 379 1220 (mense
408 1166 504 1212 Oct.
530 1169 601 1223 19)
629 1168 728 1211 Tac.
753 1182 791 1212 a.
813 1171 857 1219 2,
882 1172 946 1211 74.
1002 1168 1207 1210 Pisonem
1239 1182 1361 1209 reum
1391 1167 1497 1210 facit
1526 1168 1670 1210 caedis
1695 1169 1944 1213 Germanici

218 1235 317 1278 Tac.
348 1250 388 1279 a.
413 1240 457 1288 2,
481 1240 544 1280 74.
573 1240 613 1288 3,
634 1241 702 1281 10.
731 1241 800 1281 13.
831 1240 896 1292 17,
931 1237 1047 1280 Suet.
1082 1237 1109 1279 l.
1142 1251 1175 1280 c.
1209 1238 1364 1291 (oratio
1396 1238 1488 1279 eius
1520 1238 1563 1278 in
1595 1239 1795 1280 Pisonem
1827 1237 1943 1280 Plin.

213 1303 254 1347 h.
275 1318 317 1347 n.
337 1309 402 1356 11,
423 1308 507 1348 187
532 1306 588 1360 cf.
617 1306 714 1351 Tac.
738 1321 778 1349 a.
802 1310 843 1357 3,
865 1307 951 1361 13).
998 1306 1216 1348 Damnato
1248 1306 1406 1348 Pisone
1437 1306 1678 1349 sacerdotio
1710 1314 1943 1349 exornatus

179 1409 181 1411 .
219 1373 318 1416 Tac.
342 1388 381 1419 a.
402 1377 442 1426 3,
463 1378 532 1418 19.
583 1375 837 1418 Praefectus
868 1376 1025 1418 aerarii
1054 1374 1250 1418 militaris
1277 1375 1374 1417 Tac.
1398 1389 1438 1416 a.
1459 1376 1498 1425 5,
1519 1376 1558 1417 8.
1611 1374 1764 1416 Occiso
1788 1374 1943 1418 Seiano

142 1481 145 1482 γ
212 1450 443 1486 accusatur
481 1451 530 1487 ut
569 1446 768 1488 conscius
812 1445 1124 1488 coniurationis
1166 1444 1282 1488 Suet.
1321 1443 1349 1486 l.
1381 1458 1441 1496 e.,·
1481 1444 1708 1486 dicebatur
1742 1443 1945 1486 ‘claustra

212 1512 370 1555 aerarii
411 1519 455 1555 et
493 1513 727 1557 militarem
769 1515 999 1571 pecuniam
1034 1513 1166 1556 rebus
1196 1514 1321 1555 novis
1353 1512 1573 1555 obtulisse'
1613 1513 1710 1557 Tac.
1743 1513 1768 1556 l.
1802 1526 1860 1563 c.‚·
1901 1515 1943 1553 in

213 1579 455 1625 custodiam
476 1582 600 1625 fratri
623 1582 750 1625 datus
773 1582 889 1627 Suet.
919 1582 1073 1636 (frater
1092 1598 1171 1625 vas
1193 1583 1231 1624 ei
1256 1583 1400 1625 extitit
1425 1582 1557 1637 Tac),
1579 1581 1747 1638 scalpro
1768 1580 1944 1624 librario

212 1647 460 1694 venas'sibi
493 1651 667 1707 incidit,
709 1651 786 1694 sed
817 1651 1001 1707 obligari
1032 1667 1077 1694 se
1114 1667 1267 1709 passus
1309 1652 1353 1693 in
1387 1651 1535 1693 eadem
1568 1650 1765 1693 custodia
1793 1649 1944 1692 morbo

214 1720 503 1775 (aegritudine
542 1722 677 1764 animi
713 1721 831 1775 Tac.)
865 1722 1000 1764 vitam
1030 1722 1175 1763 finivit
1205 1709 1322 1765 Suet.
1354 1720 1380 1763 l.
1413 1734 1461 1772 c.,
1492 1720 1687 1763 similiter
1723 1720 1819 1763 Tac.
1853 1719 1878 1763 l.
1911 1733 1944 1762 c.

211 1788 337 1832 Uxor
374 1789 537 1833 Acutia
572 1791 670 1834 Tac.
706 1805 747 1833 a.
778 1794 816 1842 6,
847 1794 914 1835 47.
947 1817 999 1822 -
1030 1790 1238 1834 Fortasse
1276 1790 1402 1833 huius
1437 1790 1485 1832 P.
1517 1788 1668 1833 Vitelli
1707 1788 1944 1831 tabularius

153 1855 159 1859 ’
213 1855 286 1900 ῙῙΙΔ
302 1861 428 1902 9925.

127 1925 211 1970 503
242 1927 290 1972 P.
312 1927 514 1972 Vitellius
536 1930 733 1984 (fortasse
754 1944 874 1973 error
894 1930 941 1972 in
961 1930 1254 1985 praenomine,
1277 1929 1441 1983 fuitque
1461 1927 1614 1982 Aulus,
1636 1941 1721 1970 non
1741 1927 1944 1981 Publius3

212 2009 314 2039 nam
342 2012 428 2041 non
456 1998 592 2041 solum
621 1999 711 2054 filio
746 2003 853 2042 natu
891 2000 1078 2042 maximo
1108 1998 1229 2049 Auli,
1272 1999 1395 2040 tertio
1427 1997 1591 2039 demum
1619 1995 1770 2039 Publii
1796 2010 1945 2038 nomen

210 2064 433 2120 imposuit,
472 2066 547 2110 secl
576 2071 808 2123 praeterea
840 2068 896 2111 A.
931 2067 1123 2110 Vitellius
1152 2067 1208 2112 A.
1240 2067 1272 2120 f.
1315 2067 1387 2109 via·
1428 2066 1616 2108 diversus
1657 2068 1717 2107 est
1757 2065 1810 2107 ab
1857 2066 1946 2107 eius

210 2134 314 2190 filio,
345 2149 381 2180 v.
403 2149 537 2192 supra
565 2151 607 2180 n.
629 2140 739 2189 498),
773 2153 903 2194 eques
926 2139 1158 2191 Romanus,
1192 2136 1318 2178 domo
1344 2135 1546 2187 Nuceria,
1579 2149 1722 2177 rerum
1755 2132 1943 2188 Augusti

213 2212 466 2260 procurator
488 2206 604 2251 Suet.
632 2206 711 2250 Vit.
736 2210 779 2251 2.
823 2207 1049 2262 Originem
1071 2205 1320 2263 pudendam
1343 2205 1379 2246 ei
1413 2204 1500 2258 (vel
1535 2205 1607 2246 uni
1639 2218 1693 2245 ex
1724 2202 1841 2257 filiis)
1873 2201 1943 2244 ob-

212 2273 314 2317 iecit
344 2274 521 2318 Cassius
554 2275 742 2319 Severus
771 2276 829 2319 ib.
890 2277 1023 2319 Pater
1051 2275 1120 2326 A.‚
1153 2275 1219 2330 Q„
1254 2275 1315 2328 Ρ.,
1348 2274 1399 2316 L.
1432 2272 1706 2316 Vitelliorum
1738 2272 1794 2314 ib.

127 2342 212 2384 504
243 2349 287 2394 Q.
322 2350 591 2387 VITELLIVS
638 2352 832 2399 senator,
877 2344 992 2387 ludis
1029 2345 1103 2401 qui
1145 2342 1386 2385 edebantur
1427 2342 1471 2383 in
1514 2340 1784 2383 dedicatione
1824 2339 1943 2381 aedis

212 2412 304 2455 divi
341 2413 447 2469 Iuli,
489 2413 759 2471 depugnavit
798 2430 837 2458 a.
870 2415 952 2458 725
983 2413 1072 2457 Dio
1101 2416 1168 2465 51,
1200 2417 1275 2457 22.
1334 2411 1539 2454 Fortasse
1577 2411 1717 2465 frater
1746 2410 1835 2452 eius
1872 2408 1945 2462 qui

212 2483 449 2537 praecedit.

127 2551 210 2595 505
242 2558 285 2603 Q.
318 2559 608 2608 VITELLIVS,
653 2554 703 2596 P.
734 2552 901 2597 Vitellii
943 2552 1237 2610 procuratoris
1269 2551 1459 2605 Augusti
1490 2548 1604 2590 filius
1637 2547 1764 2591 Suet:
1786 2546 1866 2589 Vit.
1898 2548 1940 2600 2,

214 2627 418 2676 quaestor
448 2622 539 2664 divi
569 2622 756 2678 Augusti
789 2622 905 2667 Suet.
939 2622 1019 2665 Vit.
1052 2626 1077 2665 1
1109 2627 1224 2677 (nam
1256 2620 1304 2662 de
1335 2619 1421 2661 alio
1453 2619 1500 2672 Q.
1533 2617 1698 2660 Vitellio
1730 2615 1945 2671 coyitancli

210 2689 334 2732 nulla
363 2690 525 2745 causa).
573 2691 772 2748 [Propter
804 2693 897 2734 eius
927 2691 1080 2734 luxum
1111 2691 1202 2746 ipse
1222 2689 1447 2743 Augustus
1479 2686 1636 2741 (utpote
1658 2686 1818 2728 amicus
1839 2685 1942 2739 cius)

211 2758 485 2815 vituperatus
527 2760 627 2804 Tac.
670 2775 709 2803 a.
740 2764 788 2812 1,
818 2764 873 2803 10
914 2760 1053 2813 (modo
1096 2762 1208 2802 reete
1248 2773 1332 2815 que
1375 2756 1478 2799 tedii
1519 2755 1630 2810 quod
1669 2754 1856 2797 traditur
1897 2753 1943 2794 in

219 2825 274 2880 Q.
295 2827 460 2871 Vitellii
491 2829 741 2872 mutandum
770 2843 856 2873 esse
887 2830 1063 2872 coniecit
1094 2827 1345 2881 Hirschfeld
1373 2826 1520 2868 Herm.
1543 2828 1612 2875 24,
1636 2822 1766 2878 104)].
1825 2822 1943 2864 Inter

217 2910 308 2951 eos,
342 2911 449 2953 quos
481 2898 689 2954 prodigos
721 2906 764 2941 et
794 2899 849 2942 ob
879 2898 1047 2954 flagitia
1083 2904 1258 2952 egentes
1289 2896 1490 2938 Tiberius
1521 2900 1674 2935 senatu
1703 2892 1839 2933 movit
1868 2897 1943 2931 aut

217 2972 370 3020 sponte
400 2966 554 3009 cedere
586 2982 739 3023 passus
771 2975 846 3023 est,
879 2983 917 3011 a.
942 2968 994 3010 17
1019 2967 1119 3010 Tac.
1142 2981 1181 3009 a.
1203 2969 1246 3016 2,
1267 2967 1323 3007 48
1352 2963 1446 3019 (ubi
1464 2977 1548 3018 que
1578 2959 1753 3002 vitellus
1785 2956 1940 3012 cocleae),

139 3059 142 3061 Δ
213 3032 326 3077 Suet.
359 3027 440 3078 Vit.
461 3038 505 3078 2.
534 3059 593 3065 -
616 3035 823 3079 Fortasse
852 3036 978 3078 huius
1008 3035 1062 3089 Q.
1091 3033 1257 3078 Vitellii
1290 3047 1401 3075 uxor
1434 3031 1578 3081 Bassa,
1610 3027 1766 3070 filiolus
1797 3028 1832 3068 is
1864 3025 1937 3082 qui

178 3132 181 3135 -
212 3103 410 3158 sequitur
438 3103 506 3146 VI
526 3106 621 3147 359.

128 3170 213 3214 506
243 3170 298 3224 Q·
320 3171 537 3228 Vitellius,
571 3173 626 3227 Q.
647 3173 701 3228 f.3
732 3189 811 3231 pro
844 3189 894 3216 eo
915 3174 1054 3217 Bassa
1082 3179 1220 3214 mater
1241 3171 1396 3213 Iunoni
1419 3168 1613 3211 Lucinae
1633 3171 1784 3206 votum
1813 3161 1943 3205 solvit

213 3239 283 3283 VI
305 3243 399 3284 359.

128 3309 210 3352 507
243 3309 548 3366 (VITELLIVS)
569 3317 893 3354 GERMANICVS
927 3309 1201 3364 (Germanici
1230 3320 1452 3363 coynomen
1482 3304 1607 3346 habet
1626 3302 1725 3345 Tac.
1749 3301 1789 3343 h.
1810 3305 1852 3352 2,
1873 3304 1940 3344 59.

215 3381 255 3429 3,
287 3382 340 3422 66
351 3392 364 3431 ;
397 3382 629 3434 praeterea
657 3394 806 3423 nomen
834 3379 919 3422 non'
950 3377 1161 3434 ponitur),
1192 3377 1246 3421 A.
1279 3374 1444 3418 Vitellii
1470 3374 1526 3428 (n.
1548 3371 1648 3424 499)
1681 3385 1735 3412 ex
1768 3369 1945 3414 Galeria
