<?xml version="1.0" encoding="UTF-8"?>
<!DOCTYPE html PUBLIC "-//W3C//DTD XHTML 1.0 Transitional//EN"
    "http://www.w3.org/TR/xhtml1/DTD/xhtml1-transitional.dtd">
<html xmlns="http://www.w3.org/1999/xhtml" xml:lang="en" lang="en">
 <head>
  <title>
</title>
<meta http-equiv="Content-Type" content="text/html;charset=utf-8" />
  <meta name='ocr-system' content='tesseract 3.04.00' />
  <meta name='ocr-capabilities' content='ocr_page ocr_carea ocr_par ocr_line ocrx_word'/>
</head>
<body>
  <div class='ocr_page' id='page_1' title='image "./prosopographiaim03akaduoft_0264.png"; bbox 0 0 2242 3672; ppageno 0'>
   <div class='ocr_carea' id='block_1_1' title="bbox 230 228 2029 304">
    <p class='ocr_par' dir='ltr' id='par_1_1' title="bbox 230 228 2029 304">
     <span class='ocr_line' id='line_1_1' title="bbox 230 228 2029 304; baseline -0.007 0"><span class='ocrx_word' id='word_1_1' title='bbox 230 228 495 304; x_wconf 88' lang='lat' dir='ltr'><strong>SOHAEMVS</strong></span> <span class='ocrx_word' id='word_1_2' title='bbox 1086 253 1168 295; x_wconf 83' lang='grc'><strong>252</strong></span> <span class='ocrx_word' id='word_1_3' title='bbox 1282 261 1284 263; x_wconf 82' lang='grc'><strong>’</strong></span> <span class='ocrx_word' id='word_1_4' title='bbox 1752 256 2029 293; x_wconf 85' lang='lat' dir='ltr'><strong>SORNATIVS</strong></span> 
     </span>
    </p>
   </div>
   <div class='ocr_carea' id='block_1_2' title="bbox 241 1238 299 1245">
    <p class='ocr_par' dir='ltr' id='par_1_2' title="bbox 241 1238 299 1245">
     <span class='ocr_line' id='line_1_2' title="bbox 241 1238 299 1245; baseline -0.034 0"><span class='ocrx_word' id='word_1_5' title='bbox 241 1238 299 1245; x_wconf 79' lang='lat'><strong>——-</strong></span> 
     </span>
    </p>
   </div>
   <div class='ocr_carea' id='block_1_3' title="bbox 311 387 2054 1665">
    <p class='ocr_par' dir='ltr' id='par_1_3' title="bbox 311 387 2037 1127">
     <span class='ocr_line' id='line_1_3' title="bbox 313 387 2028 444; baseline -0.006 -4"><span class='ocrx_word' id='word_1_6' title='bbox 313 394 634 441; x_wconf 87' lang='lat' dir='ltr'><strong>Achaemenida</strong></span> <span class='ocrx_word' id='word_1_7' title='bbox 672 399 714 434; x_wconf 92' lang='lat' dir='ltr'><strong>et</strong></span> <span class='ocrx_word' id='word_1_8' title='bbox 744 389 975 444; x_wconf 89' lang='lat' dir='ltr'><strong>Arsacida,</strong></span> <span class='ocrx_word' id='word_1_9' title='bbox 1017 390 1206 444; x_wconf 83' lang='lat' dir='ltr'><strong>itemque</strong></span> <span class='ocrx_word' id='word_1_10' title='bbox 1244 394 1417 430; x_wconf 88' lang='lat' dir='ltr'><strong>senator</strong></span> <span class='ocrx_word' id='word_1_11' title='bbox 1447 387 1688 442; x_wconf 85' lang='lat' dir='ltr'><strong>Romanus,</strong></span> <span class='ocrx_word' id='word_1_12' title='bbox 1733 388 1833 431; x_wconf 89' lang='lat' dir='ltr'><strong>item</strong></span> <span class='ocrx_word' id='word_1_13' title='bbox 1865 387 2028 444; x_wconf 83' lang='lat' dir='ltr'><strong>consul,</strong></span> 
     </span>
     <span class='ocr_line' id='line_1_4' title="bbox 315 454 2035 522; baseline -0.004 -15"><span class='ocrx_word' id='word_1_14' title='bbox 315 472 462 522; x_wconf 86' lang='lat' dir='ltr'><strong>postea</strong></span> <span class='ocrx_word' id='word_1_15' title='bbox 505 477 582 504; x_wconf 83' lang='lat' dir='ltr'><strong>rex</strong></span> <span class='ocrx_word' id='word_1_16' title='bbox 621 459 852 502; x_wconf 81' lang='lat' dir='ltr'><strong>Armeniae</strong></span> <span class='ocrx_word' id='word_1_17' title='bbox 897 457 1072 499; x_wconf 87' lang='lat' dir='ltr'><strong>maioris</strong></span> <span class='ocrx_word' id='word_1_18' title='bbox 1112 455 1374 498; x_wconf 67' lang='lat' dir='ltr'><strong>lamblichus</strong></span> <span class='ocrx_word' id='word_1_19' title='bbox 1413 454 1680 511; x_wconf 71' lang='lat' dir='ltr'><em>Babylonius</em></span> <span class='ocrx_word' id='word_1_20' title='bbox 1720 470 1787 511; x_wconf 76' lang='lat' dir='ltr'><strong>ap.</strong></span> <span class='ocrx_word' id='word_1_21' title='bbox 1830 456 2035 500; x_wconf 78' lang='lat' dir='ltr'><strong>Photiwm</strong></span> 
     </span>
     <span class='ocr_line' id='line_1_5' title="bbox 316 523 2035 582; baseline -0.005 -6"><span class='ocrx_word' id='word_1_22' title='bbox 316 533 413 576; x_wconf 81' lang='lat' dir='ltr'><strong>bibl.</strong></span> <span class='ocrx_word' id='word_1_23' title='bbox 446 530 531 574; x_wconf 78' lang='lat' dir='ltr'><strong>cod.</strong></span> <span class='ocrx_word' id='word_1_24' title='bbox 553 533 605 572; x_wconf 99' lang='lat'><strong>94</strong></span> <span class='ocrx_word' id='word_1_25' title='bbox 626 542 673 582; x_wconf 74' lang='lat'><strong>10.</strong></span> <span class='ocrx_word' id='word_1_26' title='bbox 699 527 772 569; x_wconf 71' lang='lat'><strong>75²1</strong></span> <span class='ocrx_word' id='word_1_27' title='bbox 804 525 865 568; x_wconf 80' lang='lat' dir='ltr'><strong>ed.</strong></span> <span class='ocrx_word' id='word_1_28' title='bbox 896 524 1075 579; x_wconf 73' lang='lat' dir='ltr'><strong>Bekker,</strong></span> <span class='ocrx_word' id='word_1_29' title='bbox 1117 524 1251 578; x_wconf 76' lang='lat' dir='ltr'><strong>ipsius</strong></span> <span class='ocrx_word' id='word_1_30' title='bbox 1292 523 1482 577; x_wconf 75' lang='lat' dir='ltr'><strong>aequalis</strong></span> <span class='ocrx_word' id='word_1_31' title='bbox 1518 526 1566 566; x_wconf 83' lang='lat' dir='ltr'><strong>ut</strong></span> <span class='ocrx_word' id='word_1_32' title='bbox 1603 524 1712 575; x_wconf 84' lang='lat' dir='ltr'><strong>vult,</strong></span> <span class='ocrx_word' id='word_1_33' title='bbox 1752 524 1827 567; x_wconf 80' lang='lat' dir='ltr'><strong>sed</strong></span> <span class='ocrx_word' id='word_1_34' title='bbox 1851 525 2035 579; x_wconf 81' lang='lat' dir='ltr'><strong>fortasse</strong></span> 
     </span>
     <span class='ocr_line' id='line_1_6' title="bbox 314 591 2037 653; baseline -0.005 -9"><span class='ocrx_word' id='word_1_35' title='bbox 314 600 488 653; x_wconf 82' lang='lat' dir='ltr'><strong>ludens).</strong></span> <span class='ocrx_word' id='word_1_36' title='bbox 534 597 575 640; x_wconf 94' lang='lat' dir='ltr'>A</span> <span class='ocrx_word' id='word_1_37' title='bbox 596 597 710 639; x_wconf 91' lang='lat' dir='ltr'><strong>Vero</strong></span> <span class='ocrx_word' id='word_1_38' title='bbox 739 609 818 636; x_wconf 85' lang='lat' dir='ltr'><strong>rex</strong></span> <span class='ocrx_word' id='word_1_39' title='bbox 840 593 1072 636; x_wconf 84' lang='lat' dir='ltr'><strong>Armeniae</strong></span> <span class='ocrx_word' id='word_1_40' title='bbox 1101 593 1327 648; x_wconf 85' lang='lat' dir='ltr'><strong>impositus</strong></span> <span class='ocrx_word' id='word_1_41' title='bbox 1347 591 1513 635; x_wconf 78' lang='lat' dir='ltr'><em>Fronto</em></span> <span class='ocrx_word' id='word_1_42' title='bbox 1536 607 1595 647; x_wconf 75' lang='lat' dir='ltr'><strong>ep.</strong></span> <span class='ocrx_word' id='word_1_43' title='bbox 1619 592 1677 635; x_wconf 84' lang='lat' dir='ltr'><strong>ad</strong></span> <span class='ocrx_word' id='word_1_44' title='bbox 1706 593 1857 636; x_wconf 84' lang='lat' dir='ltr'><strong>Verum</strong></span> <span class='ocrx_word' id='word_1_45' title='bbox 1877 607 1926 648; x_wconf 76' lang='lat' dir='ltr'><strong>p.</strong></span> <span class='ocrx_word' id='word_1_46' title='bbox 1948 597 2037 638; x_wconf 87' lang='grc'><strong>127</strong></span> 
     </span>
     <span class='ocr_line' id='line_1_7' title="bbox 316 660 2034 721; baseline -0.004 -9"><span class='ocrx_word' id='word_1_47' title='bbox 316 669 473 721; x_wconf 84' lang='lat' dir='ltr'><strong>Naber‚</strong></span> <span class='ocrx_word' id='word_1_48' title='bbox 507 667 627 708; x_wconf 88' lang='lat' dir='ltr'><strong>iussu</strong></span> <span class='ocrx_word' id='word_1_49' title='bbox 647 663 794 706; x_wconf 89' lang='lat' dir='ltr'><strong>Martii</strong></span> <span class='ocrx_word' id='word_1_50' title='bbox 817 663 921 705; x_wconf 88' lang='lat' dir='ltr'><strong>Veri</strong></span> <span class='ocrx_word' id='word_1_51' title='bbox 943 677 969 703; x_wconf 93' lang='lat' dir='ltr'><strong>a</strong></span> <span class='ocrx_word' id='word_1_52' title='bbox 994 660 1254 717; x_wconf 78' lang='lat' dir='ltr'><strong>Thucydide</strong></span> <span class='ocrx_word' id='word_1_53' title='bbox 1276 660 1464 717; x_wconf 81' lang='lat' dir='ltr'><strong>quodam</strong></span> <span class='ocrx_word' id='word_1_54' title='bbox 1485 661 1531 702; x_wconf 89' lang='lat' dir='ltr'><strong>in</strong></span> <span class='ocrx_word' id='word_1_55' title='bbox 1551 660 1803 704; x_wconf 85' lang='lat' dir='ltr'><strong>Armeniam</strong></span> <span class='ocrx_word' id='word_1_56' title='bbox 1823 661 2034 705; x_wconf 87' lang='lat' dir='ltr'><strong>deductus</strong></span> 
     </span>
     <span class='ocr_line' id='line_1_8' title="bbox 314 729 2037 788; baseline -0.004 -8"><span class='ocrx_word' id='word_1_57' title='bbox 314 736 472 781; x_wconf 82' lang='lat' dir='ltr'><strong>Suidas</strong></span> <span class='ocrx_word' id='word_1_58' title='bbox 502 748 534 777; x_wconf 81' lang='lat' dir='ltr'><strong>s.</strong></span> <span class='ocrx_word' id='word_1_59' title='bbox 565 747 600 775; x_wconf 81' lang='lat' dir='ltr'><strong>v.</strong></span> <span class='ocrx_word' id='word_1_60' title='bbox 623 732 797 788; x_wconf 82' lang='grc' dir='ltr'>Μάρτιος</span> <span class='ocrx_word' id='word_1_61' title='bbox 827 744 878 773; x_wconf 78' lang='lat' dir='ltr'><strong>ex</strong></span> <span class='ocrx_word' id='word_1_62' title='bbox 894 729 1036 773; x_wconf 84' lang='lat' dir='ltr'><strong>Dione</strong></span> <span class='ocrx_word' id='word_1_63' title='bbox 1067 729 1180 784; x_wconf 84' lang='lat' dir='ltr'><strong>(inde</strong></span> <span class='ocrx_word' id='word_1_64' title='bbox 1211 729 1321 783; x_wconf 78' lang='lat' dir='ltr'><strong>quod</strong></span> <span class='ocrx_word' id='word_1_65' title='bbox 1348 733 1584 787; x_wconf 81' lang='grc' dir='ltr'>καταγαγεῖν</span> <span class='ocrx_word' id='word_1_66' title='bbox 1614 730 1816 773; x_wconf 83' lang='lat' dir='ltr'><strong>vocabulo</strong></span> <span class='ocrx_word' id='word_1_67' title='bbox 1845 743 1946 773; x_wconf 78' lang='lat' dir='ltr'><strong>usus</strong></span> <span class='ocrx_word' id='word_1_68' title='bbox 1975 733 2037 773; x_wconf 84' lang='lat' dir='ltr'><strong>est</strong></span> 
     </span>
     <span class='ocr_line' id='line_1_9' title="bbox 312 798 2037 854; baseline -0.002 -7"><span class='ocrx_word' id='word_1_69' title='bbox 312 805 411 854; x_wconf 91' lang='lat' dir='ltr'><strong>Dio,</strong></span> <span class='ocrx_word' id='word_1_70' title='bbox 432 801 626 845; x_wconf 81' lang='lat' dir='ltr'><strong>nonnulli</strong></span> <span class='ocrx_word' id='word_1_71' title='bbox 644 800 908 854; x_wconf 72' lang='lat' dir='ltr'><strong>colleyerunt‚</strong></span> <span class='ocrx_word' id='word_1_72' title='bbox 931 812 1023 841; x_wconf 84' lang='lat' dir='ltr'><strong>eum</strong></span> <span class='ocrx_word' id='word_1_73' title='bbox 1043 799 1171 841; x_wconf 88' lang='lat' dir='ltr'><strong>etiam</strong></span> <span class='ocrx_word' id='word_1_74' title='bbox 1188 801 1315 840; x_wconf 89' lang='lat' dir='ltr'><strong>antea</strong></span> <span class='ocrx_word' id='word_1_75' title='bbox 1334 798 1466 852; x_wconf 81' lang='lat' dir='ltr'><strong>fuisse</strong></span> <span class='ocrx_word' id='word_1_76' title='bbox 1482 798 1714 842; x_wconf 76' lang='lat' dir='ltr'><strong>Armeniae</strong></span> <span class='ocrx_word' id='word_1_77' title='bbox 1727 813 1878 854; x_wconf 71' lang='lat' dir='ltr'><strong>reqem,</strong></span> <span class='ocrx_word' id='word_1_78' title='bbox 1900 813 1940 843; x_wconf 90' lang='lat' dir='ltr'><strong>a.</strong></span> <span class='ocrx_word' id='word_1_79' title='bbox 1952 802 2037 843; x_wconf 87' lang='grc'><strong>162</strong></span> 
     </span>
     <span class='ocr_line' id='line_1_10' title="bbox 314 866 2037 922; baseline -0.003 -7"><span class='ocrx_word' id='word_1_80' title='bbox 314 876 450 915; x_wconf 87' lang='lat' dir='ltr'><strong>autem</strong></span> <span class='ocrx_word' id='word_1_81' title='bbox 468 885 496 913; x_wconf 89' lang='lat' dir='ltr'><strong>a</strong></span> <span class='ocrx_word' id='word_1_82' title='bbox 506 868 682 912; x_wconf 80' lang='lat' dir='ltr'><strong>Parthis</strong></span> <span class='ocrx_word' id='word_1_83' title='bbox 694 867 922 922; x_wconf 72' lang='lat' dir='ltr'><strong>expulsum,</strong></span> <span class='ocrx_word' id='word_1_84' title='bbox 936 867 990 921; x_wconf 81' lang='lat' dir='ltr'><strong>ef.</strong></span> <span class='ocrx_word' id='word_1_85' title='bbox 1003 866 1254 910; x_wconf 82' lang='lat' dir='ltr'><strong>Boissevain</strong></span> <span class='ocrx_word' id='word_1_86' title='bbox 1264 866 1410 910; x_wconf 83' lang='lat' dir='ltr'><strong>Herm.</strong></span> <span class='ocrx_word' id='word_1_87' title='bbox 1423 869 1481 909; x_wconf 89' lang='grc'><strong><em>25</em></strong></span> <span class='ocrx_word' id='word_1_88' title='bbox 1492 881 1541 921; x_wconf 74' lang='lat' dir='ltr'><strong>p.</strong></span> <span class='ocrx_word' id='word_1_89' title='bbox 1552 869 1646 918; x_wconf 86' lang='lat'><em>338,</em></span> <span class='ocrx_word' id='word_1_90' title='bbox 1663 870 1790 922; x_wconf 74' lang='lat' dir='ltr'><strong>neqat</strong></span> <span class='ocrx_word' id='word_1_91' title='bbox 1800 867 2037 911; x_wconf 80' lang='lat' dir='ltr'><strong>Mommsen</strong></span> 
     </span>
     <span class='ocr_line' id='line_1_11' title="bbox 312 935 2037 991; baseline -0.003 -8"><span class='ocrx_word' id='word_1_92' title='bbox 312 942 456 984; x_wconf 89' lang='lat' dir='ltr'><strong>Roem.</strong></span> <span class='ocrx_word' id='word_1_93' title='bbox 481 938 628 981; x_wconf 77' lang='lat' dir='ltr'><strong>Geseh.</strong></span> <span class='ocrx_word' id='word_1_94' title='bbox 662 937 703 979; x_wconf 90' lang='lat' dir='ltr'><strong>V</strong></span> <span class='ocrx_word' id='word_1_95' title='bbox 712 951 759 991; x_wconf 71' lang='lat' dir='ltr'><strong>p.</strong></span> <span class='ocrx_word' id='word_1_96' title='bbox 776 939 861 978; x_wconf 85' lang='grc'><strong>407</strong></span> <span class='ocrx_word' id='word_1_97' title='bbox 878 939 963 979; x_wconf 88' lang='lat' dir='ltr'><strong>not.</strong></span> <span class='ocrx_word' id='word_1_98' title='bbox 985 935 1045 990; x_wconf 86' lang='grc'><strong><em>2),</em></strong></span> <span class='ocrx_word' id='word_1_99' title='bbox 1072 950 1185 977; x_wconf 90' lang='lat' dir='ltr'><strong>anno</strong></span> <span class='ocrx_word' id='word_1_100' title='bbox 1211 936 1292 978; x_wconf 81' lang='lat'><strong>164</strong></span> <span class='ocrx_word' id='word_1_101' title='bbox 1321 935 1483 977; x_wconf 88' lang='lat' dir='ltr'><strong>nummi</strong></span> <span class='ocrx_word' id='word_1_102' title='bbox 1508 935 1624 990; x_wconf 74' lang='lat' dir='ltr'><strong>apud</strong></span> <span class='ocrx_word' id='word_1_103' title='bbox 1645 935 1808 978; x_wconf 67' lang='lat' dir='ltr'><strong>Eclshel</strong></span> <span class='ocrx_word' id='word_1_104' title='bbox 1830 939 1867 987; x_wconf 82' lang='lat'><strong>7,</strong></span> <span class='ocrx_word' id='word_1_105' title='bbox 1889 938 1943 980; x_wconf 88' lang='lat'><strong>91</strong></span> <span class='ocrx_word' id='word_1_106' title='bbox 1971 935 2037 991; x_wconf 87' lang='lat' dir='ltr'><strong>(in</strong></span> 
     </span>
     <span class='ocr_line' id='line_1_12' title="bbox 311 1003 2011 1064; baseline -0.002 -13"><span class='ocrx_word' id='word_1_107' title='bbox 311 1009 460 1064; x_wconf 81' lang='lat' dir='ltr'><strong>quibus</strong></span> <span class='ocrx_word' id='word_1_108' title='bbox 489 1020 638 1050; x_wconf 89' lang='lat' dir='ltr'><strong>nomen</strong></span> <span class='ocrx_word' id='word_1_109' title='bbox 668 1006 757 1048; x_wconf 83' lang='lat' dir='ltr'><strong>eius</strong></span> <span class='ocrx_word' id='word_1_110' title='bbox 785 1019 869 1047; x_wconf 88' lang='lat' dir='ltr'><strong>non</strong></span> <span class='ocrx_word' id='word_1_111' title='bbox 883 1032 886 1034; x_wconf 93' lang='lat'><em>-</em></span> <span class='ocrx_word' id='word_1_112' title='bbox 889 1004 1082 1059; x_wconf 74' lang='lat' dir='ltr'><strong>ponitur,</strong></span> <span class='ocrx_word' id='word_1_113' title='bbox 1116 1003 1268 1058; x_wconf 74' lang='lat' dir='ltr'><strong>leyitur</strong></span> <span class='ocrx_word' id='word_1_114' title='bbox 1298 1007 1462 1046; x_wconf 83' lang='lat' dir='ltr'><strong>tantum</strong></span> <span class='ocrx_word' id='word_1_115' title='bbox 1493 1018 1572 1046; x_wconf 86' lang='lat' dir='ltr'><strong>rex</strong></span> <span class='ocrx_word' id='word_1_116' title='bbox 1601 1003 1821 1046; x_wconf 80' lang='lat' dir='ltr'><strong>Armeniis</strong></span> <span class='ocrx_word' id='word_1_117' title='bbox 1851 1004 2011 1058; x_wconf 80' lang='lat' dir='ltr'><strong>datus).</strong></span> 
     </span>
     <span class='ocr_line' id='line_1_13' title="bbox 343 1072 1566 1127; baseline -0.002 -8"><span class='ocrx_word' id='word_1_118' title='bbox 343 1084 382 1119; x_wconf 78' lang='lat' dir='ltr'><strong>C,</strong></span> <span class='ocrx_word' id='word_1_119' title='bbox 413 1080 647 1118; x_wconf 87' lang='lat' dir='ltr'><strong>LIEVRIVS</strong></span> <span class='ocrx_word' id='word_1_120' title='bbox 679 1078 1049 1123; x_wconf 78' lang='lat' dir='ltr'><strong>TRANQVILLIVS</strong></span> <span class='ocrx_word' id='word_1_121' title='bbox 1081 1078 1257 1114; x_wconf 89' lang='lat' dir='ltr'><strong>TOCIVS</strong></span> <span class='ocrx_word' id='word_1_122' title='bbox 1290 1072 1566 1127; x_wconf 83' lang='lat' dir='ltr'><strong>SO[AE]MVS.</strong></span> 
     </span>
    </p>

    <p class='ocr_par' dir='ltr' id='par_1_4' title="bbox 342 1141 777 1188">
     <span class='ocr_line' id='line_1_14' title="bbox 342 1141 777 1188; baseline -0.014 1"><span class='ocrx_word' id='word_1_123' title='bbox 342 1145 389 1188; x_wconf 83' lang='lat' dir='ltr'><strong>C.</strong></span> <span class='ocrx_word' id='word_1_124' title='bbox 422 1144 559 1187; x_wconf 87' lang='lat' dir='ltr'><strong>Iulius</strong></span> <span class='ocrx_word' id='word_1_125' title='bbox 591 1141 777 1186; x_wconf 90' lang='lat' dir='ltr'><strong>Solinus.</strong></span> 
     </span>
    </p>

    <p class='ocr_par' dir='ltr' id='par_1_5' title="bbox 343 1201 2054 1336">
     <span class='ocr_line' id='line_1_15' title="bbox 343 1201 2054 1255; baseline -0.001 -1"><span class='ocrx_word' id='word_1_126' title='bbox 343 1220 383 1255; x_wconf 84' lang='lat' dir='ltr'><strong>C.</strong></span> <span class='ocrx_word' id='word_1_127' title='bbox 407 1218 576 1254; x_wconf 88' lang='lat' dir='ltr'>OPPIVS</span> <span class='ocrx_word' id='word_1_128' title='bbox 601 1216 809 1253; x_wconf 87' lang='lat' dir='ltr'><strong>SABINVS</strong></span> <span class='ocrx_word' id='word_1_129' title='bbox 832 1216 996 1252; x_wconf 89' lang='lat' dir='ltr'>IVLIVS</span> <span class='ocrx_word' id='word_1_130' title='bbox 1019 1215 1178 1252; x_wconf 87' lang='lat' dir='ltr'>NEPOS</span> <span class='ocrx_word' id='word_1_131' title='bbox 1205 1210 1278 1252; x_wconf 85' lang='grc' dir='ltr'><strong>Μ’.</strong></span> <span class='ocrx_word' id='word_1_132' title='bbox 1295 1216 1460 1251; x_wconf 88' lang='lat' dir='ltr'><strong>VIBIVS</strong></span> <span class='ocrx_word' id='word_1_133' title='bbox 1483 1216 1766 1252; x_wconf 86' lang='lat' dir='ltr'><strong>SOLLEM-NIS</strong></span> <span class='ocrx_word' id='word_1_134' title='bbox 1799 1201 2054 1254; x_wconf 50' lang='lat' dir='ltr'><strong>SEVERVS(</strong></span> 
     </span>
     <span class='ocr_line' id='line_1_16' title="bbox 343 1277 1313 1336; baseline -0.004 -13"><span class='ocrx_word' id='word_1_135' title='bbox 343 1279 641 1336; x_wconf 90' lang='lat' dir='ltr'><strong>C[L(AVDIVS)</strong></span> <span class='ocrx_word' id='word_1_136' title='bbox 675 1284 990 1320; x_wconf 87' lang='lat' dir='ltr'><strong>SOLLEMNIVS</strong></span> <span class='ocrx_word' id='word_1_137' title='bbox 1003 1277 1040 1332; x_wconf 69' lang='lat' dir='ltr'><strong>P]</strong></span> <span class='ocrx_word' id='word_1_138' title='bbox 1072 1284 1313 1320; x_wconf 87' lang='lat' dir='ltr'><strong>MARINVS.</strong></span> 
     </span>
    </p>

    <p class='ocr_par' dir='ltr' id='par_1_6' title="bbox 344 1346 1403 1402">
     <span class='ocr_line' id='line_1_17' title="bbox 344 1346 1403 1402; baseline -0.003 -11"><span class='ocrx_word' id='word_1_139' title='bbox 344 1348 627 1402; x_wconf 84' lang='lat' dir='ltr'><strong>CL(AVD1VS)</strong></span> <span class='ocrx_word' id='word_1_140' title='bbox 661 1353 976 1389; x_wconf 87' lang='lat' dir='ltr'><strong>SOLLEMNIVS</strong></span> <span class='ocrx_word' id='word_1_141' title='bbox 1008 1346 1403 1402; x_wconf 83' lang='lat' dir='ltr'><strong>PAG[AT1ANVS‘?].</strong></span> 
     </span>
    </p>

    <p class='ocr_par' dir='ltr' id='par_1_7' title="bbox 340 1421 943 1459">
     <span class='ocr_line' id='line_1_18' title="bbox 340 1421 943 1459; baseline -0.002 0"><span class='ocrx_word' id='word_1_142' title='bbox 340 1424 383 1459; x_wconf 91' lang='lat' dir='ltr'><strong>L.</strong></span> <span class='ocrx_word' id='word_1_143' title='bbox 414 1422 676 1459; x_wconf 88' lang='lat' dir='ltr'><strong>BELLICIVS</strong></span> <span class='ocrx_word' id='word_1_144' title='bbox 709 1421 943 1458; x_wconf 83' lang='lat' dir='ltr'><strong>SOLLERS.</strong></span> 
     </span>
    </p>

    <p class='ocr_par' dir='ltr' id='par_1_8' title="bbox 315 1483 2038 1665">
     <span class='ocr_line' id='line_1_19' title="bbox 343 1483 2038 1538; baseline -0.001 -9"><span class='ocrx_word' id='word_1_145' title='bbox 343 1518 466 1529; x_wconf 85' lang='grc'><strong>.....</strong></span> <span class='ocrx_word' id='word_1_146' title='bbox 485 1491 593 1527; x_wconf 87' lang='lat' dir='ltr'><strong>CIVS</strong></span> <span class='ocrx_word' id='word_1_147' title='bbox 611 1490 816 1525; x_wconf 88' lang='lat' dir='ltr'><strong>DEXTER</strong></span> <span class='ocrx_word' id='word_1_148' title='bbox 833 1483 1178 1538; x_wconf 84' lang='lat' dir='ltr'><strong>AVGVS[TANVS</strong></span> <span class='ocrx_word' id='word_1_149' title='bbox 1195 1483 1426 1538; x_wconf 90' lang='lat' dir='ltr'><strong>ALPIN]VS</strong></span> <span class='ocrx_word' id='word_1_150' title='bbox 1444 1489 1707 1525; x_wconf 84' lang='lat' dir='ltr'><strong>BELLICIVS</strong></span> <span class='ocrx_word' id='word_1_151' title='bbox 1725 1489 1946 1526; x_wconf 85' lang='lat' dir='ltr'><strong>SOLLERS</strong></span> <span class='ocrx_word' id='word_1_152' title='bbox 1963 1486 2038 1528; x_wconf 70' lang='lat' dir='ltr'><strong>eet.</strong></span> 
     </span>
     <span class='ocr_line' id='line_1_20' title="bbox 344 1555 2036 1605; baseline -0.001 -8"><span class='ocrx_word' id='word_1_153' title='bbox 344 1562 387 1605; x_wconf 77' lang='lat' dir='ltr'><strong>Q.</strong></span> <span class='ocrx_word' id='word_1_154' title='bbox 407 1559 652 1596; x_wconf 89' lang='lat' dir='ltr'><strong>POMPEIVS</strong></span> <span class='ocrx_word' id='word_1_155' title='bbox 676 1557 888 1594; x_wconf 87' lang='lat' dir='ltr'><strong>SENECIO</strong></span> <span class='ocrx_word' id='word_1_156' title='bbox 916 1557 1124 1594; x_wconf 89' lang='lat' dir='ltr'><strong>ROSCIVS</strong></span> <span class='ocrx_word' id='word_1_157' title='bbox 1146 1555 1220 1594; x_wconf 69' lang='lat' dir='ltr'><strong>cet.</strong></span> <span class='ocrx_word' id='word_1_158' title='bbox 1243 1558 1505 1593; x_wconf 89' lang='lat' dir='ltr'><strong>BELLICIVS</strong></span> <span class='ocrx_word' id='word_1_159' title='bbox 1528 1557 1749 1594; x_wconf 88' lang='lat' dir='ltr'><strong>SOLLERS</strong></span> <span class='ocrx_word' id='word_1_160' title='bbox 1774 1555 1848 1595; x_wconf 70' lang='lat' dir='ltr'><strong>cet.</strong></span> <span class='ocrx_word' id='word_1_161' title='bbox 1869 1558 2036 1595; x_wconf 87' lang='lat' dir='ltr'><strong>SOSIVS</strong></span> 
     </span>
     <span class='ocr_line' id='line_1_21' title="bbox 315 1628 527 1665; baseline -0.009 0"><span class='ocrx_word' id='word_1_162' title='bbox 315 1628 527 1665; x_wconf 87' lang='lat' dir='ltr'><strong>PRISCVS.</strong></span> 
     </span>
    </p>
   </div>
   <div class='ocr_carea' id='block_1_4' title="bbox 230 1688 2038 1746">
    <p class='ocr_par' dir='ltr' id='par_1_9' title="bbox 230 1688 2038 1746">
     <span class='ocr_line' id='line_1_22' title="bbox 230 1688 2038 1746; baseline -0.002 -10"><span class='ocrx_word' id='word_1_163' title='bbox 230 1693 311 1736; x_wconf 85' lang='lat'><strong>547</strong></span> <span class='ocrx_word' id='word_1_164' title='bbox 345 1725 354 1734; x_wconf 95' lang='lat'>.</span> <span class='ocrx_word' id='word_1_165' title='bbox 373 1724 383 1734; x_wconf 88' lang='lat'><strong>.</strong></span> <span class='ocrx_word' id='word_1_166' title='bbox 413 1689 648 1746; x_wconf 86' lang='lat' dir='ltr'><strong>[SOLLIVS]</strong></span> <span class='ocrx_word' id='word_1_167' title='bbox 684 1721 807 1731; x_wconf 91' lang='grc'><strong>.....</strong></span> <span class='ocrx_word' id='word_1_168' title='bbox 824 1722 834 1743; x_wconf 92' lang='grc'><strong><em>,</em></strong></span> <span class='ocrx_word' id='word_1_169' title='bbox 870 1689 1059 1743; x_wconf 88' lang='lat' dir='ltr'><strong>[curator</strong></span> <span class='ocrx_word' id='word_1_170' title='bbox 1079 1688 1284 1744; x_wconf 84' lang='lat' dir='ltr'><strong>vi]a[rum</strong></span> <span class='ocrx_word' id='word_1_171' title='bbox 1302 1688 1480 1732; x_wconf 84' lang='lat' dir='ltr'><strong>Clodiae</strong></span> <span class='ocrx_word' id='word_1_172' title='bbox 1502 1688 1686 1744; x_wconf 84' lang='lat' dir='ltr'><strong>Anniae]</strong></span> <span class='ocrx_word' id='word_1_173' title='bbox 1711 1689 1887 1733; x_wconf 80' lang='lat' dir='ltr'><strong>Cassiae</strong></span> <span class='ocrx_word' id='word_1_174' title='bbox 1908 1689 2038 1734; x_wconf 80' lang='lat' dir='ltr'><strong>Cimi-</strong></span> 
     </span>
    </p>
   </div>
   <div class='ocr_carea' id='block_1_5' title="bbox 314 1756 2039 1881">
    <p class='ocr_par' dir='ltr' id='par_1_10' title="bbox 314 1756 2039 1881">
     <span class='ocr_line' id='line_1_23' title="bbox 314 1756 2039 1814; baseline -0.001 -12"><span class='ocrx_word' id='word_1_175' title='bbox 314 1762 423 1814; x_wconf 86' lang='lat' dir='ltr'><strong>niae,</strong></span> <span class='ocrx_word' id='word_1_176' title='bbox 457 1758 553 1814; x_wconf 88' lang='lat' dir='ltr'><strong>[leg.</strong></span> <span class='ocrx_word' id='word_1_177' title='bbox 585 1757 667 1812; x_wconf 86' lang='lat' dir='ltr'><strong>leg.</strong></span> <span class='ocrx_word' id='word_1_178' title='bbox 689 1757 792 1812; x_wconf 83' lang='lat' dir='ltr'><strong>VII]</strong></span> <span class='ocrx_word' id='word_1_179' title='bbox 825 1758 947 1801; x_wconf 83' lang='lat' dir='ltr'><strong>Gem.</strong></span> <span class='ocrx_word' id='word_1_180' title='bbox 969 1756 1142 1812; x_wconf 83' lang='lat' dir='ltr'><strong>Felicis,</strong></span> <span class='ocrx_word' id='word_1_181' title='bbox 1176 1757 1419 1814; x_wconf 81' lang='lat' dir='ltr'><strong>praefectus</strong></span> <span class='ocrx_word' id='word_1_182' title='bbox 1450 1758 1590 1799; x_wconf 91' lang='lat' dir='ltr'><strong>aerari</strong></span> <span class='ocrx_word' id='word_1_183' title='bbox 1619 1757 1831 1814; x_wconf 79' lang='lat' dir='ltr'><strong>militaris,</strong></span> <span class='ocrx_word' id='word_1_184' title='bbox 1864 1757 2039 1813; x_wconf 72' lang='lat' dir='ltr'><strong>consult,</strong></span> 
     </span>
     <span class='ocr_line' id='line_1_24' title="bbox 316 1824 1731 1881; baseline -0.001 -11"><span class='ocrx_word' id='word_1_185' title='bbox 316 1829 448 1870; x_wconf 90' lang='lat' dir='ltr'><strong>frater</strong></span> <span class='ocrx_word' id='word_1_186' title='bbox 477 1826 535 1869; x_wconf 93' lang='lat' dir='ltr'><strong>M.</strong></span> <span class='ocrx_word' id='word_1_187' title='bbox 569 1825 690 1869; x_wconf 88' lang='lat' dir='ltr'><strong>Sollii</strong></span> <span class='ocrx_word' id='word_1_188' title='bbox 719 1824 854 1867; x_wconf 90' lang='lat' dir='ltr'><strong>Attici</strong></span> <span class='ocrx_word' id='word_1_189' title='bbox 886 1828 914 1867; x_wconf 88' lang='lat' dir='ltr'><strong>t.</strong></span> <span class='ocrx_word' id='word_1_190' title='bbox 947 1825 1176 1880; x_wconf 74' lang='lat' dir='ltr'><strong>acephalus</strong></span> <span class='ocrx_word' id='word_1_191' title='bbox 1207 1826 1306 1881; x_wconf 70' lang='lat' dir='ltr'><strong>ayri</strong></span> <span class='ocrx_word' id='word_1_192' title='bbox 1332 1825 1484 1868; x_wconf 86' lang='lat' dir='ltr'><strong>Piceni</strong></span> <span class='ocrx_word' id='word_1_193' title='bbox 1510 1826 1584 1868; x_wconf 82' lang='lat' dir='ltr'><strong>IX</strong></span> <span class='ocrx_word' id='word_1_194' title='bbox 1611 1828 1731 1870; x_wconf 84' lang='lat'><strong><em>5155.</em></strong></span> 
     </span>
    </p>
   </div>
   <div class='ocr_carea' id='block_1_6' title="bbox 231 1893 1772 1951">
    <p class='ocr_par' dir='ltr' id='par_1_11' title="bbox 231 1893 1772 1951">
     <span class='ocr_line' id='line_1_25' title="bbox 231 1893 1772 1951; baseline -0.002 -10"><span class='ocrx_word' id='word_1_195' title='bbox 231 1898 313 1941; x_wconf 87' lang='grc'><strong>548</strong></span> <span class='ocrx_word' id='word_1_196' title='bbox 344 1903 396 1938; x_wconf 91' lang='grc' dir='ltr'><strong>Μ.</strong></span> <span class='ocrx_word' id='word_1_197' title='bbox 429 1901 632 1937; x_wconf 88' lang='lat' dir='ltr'><strong>SOLLIVS</strong></span> <span class='ocrx_word' id='word_1_198' title='bbox 661 1900 871 1936; x_wconf 86' lang='lat' dir='ltr'><strong>ATTICVS</strong></span> <span class='ocrx_word' id='word_1_199' title='bbox 903 1893 1038 1936; x_wconf 88' lang='lat' dir='ltr'><strong>frater</strong></span> <span class='ocrx_word' id='word_1_200' title='bbox 1067 1895 1159 1936; x_wconf 89' lang='lat' dir='ltr'><strong>eius</strong></span> <span class='ocrx_word' id='word_1_201' title='bbox 1191 1895 1265 1951; x_wconf 87' lang='lat' dir='ltr'><strong>qui</strong></span> <span class='ocrx_word' id='word_1_202' title='bbox 1297 1894 1518 1951; x_wconf 89' lang='lat' dir='ltr'><strong>praecedit</strong></span> <span class='ocrx_word' id='word_1_203' title='bbox 1546 1893 1628 1937; x_wconf 89' lang='lat' dir='ltr'><strong>IX</strong></span> <span class='ocrx_word' id='word_1_204' title='bbox 1652 1897 1772 1950; x_wconf 90' lang='grc'><strong><em>5155.</em></strong></span> 
     </span>
    </p>
   </div>
   <div class='ocr_carea' id='block_1_7' title="bbox 344 1968 717 2006">
    <p class='ocr_par' dir='ltr' id='par_1_12' title="bbox 344 1968 717 2006">
     <span class='ocr_line' id='line_1_26' title="bbox 344 1968 717 2006; baseline -0.003 0"><span class='ocrx_word' id='word_1_205' title='bbox 344 1970 508 2006; x_wconf 90' lang='lat' dir='ltr'><strong>IVLIVS</strong></span> <span class='ocrx_word' id='word_1_206' title='bbox 543 1968 717 2005; x_wconf 90' lang='lat' dir='ltr'><strong>SOLON.</strong></span> 
     </span>
    </p>
   </div>
   <div class='ocr_carea' id='block_1_8' title="bbox 232 2030 2037 2087">
    <p class='ocr_par' dir='ltr' id='par_1_13' title="bbox 232 2030 2037 2087">
     <span class='ocr_line' id='line_1_27' title="bbox 232 2030 2037 2087; baseline 0 -10"><span class='ocrx_word' id='word_1_207' title='bbox 232 2035 313 2077; x_wconf 86' lang='lat'><strong>549</strong></span> <span class='ocrx_word' id='word_1_208' title='bbox 346 2034 559 2085; x_wconf 88' lang='lat' dir='ltr'><strong>Soranus,</strong></span> <span class='ocrx_word' id='word_1_209' title='bbox 602 2031 837 2087; x_wconf 81' lang='lat' dir='ltr'><strong>Ephesius,</strong></span> <span class='ocrx_word' id='word_1_210' title='bbox 871 2031 1064 2074; x_wconf 89' lang='lat' dir='ltr'><strong>medicus</strong></span> <span class='ocrx_word' id='word_1_211' title='bbox 1102 2030 1292 2075; x_wconf 77' lang='lat' dir='ltr'><strong>Galenus</strong></span> <span class='ocrx_word' id='word_1_212' title='bbox 1320 2031 1446 2074; x_wconf 90' lang='lat' dir='ltr'><strong>XIV</strong></span> <span class='ocrx_word' id='word_1_213' title='bbox 1467 2034 1548 2074; x_wconf 88' lang='grc'><strong>684</strong></span> <span class='ocrx_word' id='word_1_214' title='bbox 1578 2032 1640 2074; x_wconf 84' lang='lat' dir='ltr'><strong>ed.</strong></span> <span class='ocrx_word' id='word_1_215' title='bbox 1672 2032 1830 2084; x_wconf 71' lang='lat' dir='ltr'><strong>Kalm,</strong></span> <span class='ocrx_word' id='word_1_216' title='bbox 1864 2031 2037 2085; x_wconf 75' lang='lat' dir='ltr'><strong>Suidas,</strong></span> 
     </span>
    </p>
   </div>
   <div class='ocr_carea' id='block_1_9' title="bbox 314 2100 2046 3167">
    <p class='ocr_par' dir='ltr' id='par_1_14' title="bbox 314 2100 2046 3167">
     <span class='ocr_line' id='line_1_28' title="bbox 320 2100 2038 2153; baseline 0.001 -10"><span class='ocrx_word' id='word_1_217' title='bbox 320 2100 603 2143; x_wconf 77' lang='lat' dir='ltr'><strong>‘methodicae</strong></span> <span class='ocrx_word' id='word_1_218' title='bbox 633 2101 870 2142; x_wconf 78' lang='lat' dir='ltr'><strong>medicinae</strong></span> <span class='ocrx_word' id='word_1_219' title='bbox 900 2101 1258 2143; x_wconf 86' lang='lat' dir='ltr'><strong>instructissimus</strong></span> <span class='ocrx_word' id='word_1_220' title='bbox 1289 2107 1453 2142; x_wconf 80' lang='lat' dir='ltr'><strong>auctor‘</strong></span> <span class='ocrx_word' id='word_1_221' title='bbox 1484 2100 1732 2145; x_wconf 82' lang='lat' dir='ltr'><strong>Tertullian.</strong></span> <span class='ocrx_word' id='word_1_222' title='bbox 1755 2101 1804 2144; x_wconf 83' lang='lat' dir='ltr'><strong>de</strong></span> <span class='ocrx_word' id='word_1_223' title='bbox 1835 2102 1980 2153; x_wconf 81' lang='lat' dir='ltr'><strong>anima</strong></span> <span class='ocrx_word' id='word_1_224' title='bbox 1999 2104 2038 2153; x_wconf 89' lang='lat'><strong>6,</strong></span> 
     </span>
     <span class='ocr_line' id='line_1_29' title="bbox 314 2168 2040 2226; baseline 0 -14"><span class='ocrx_word' id='word_1_225' title='bbox 314 2168 608 2212; x_wconf 83' lang='lat' dir='ltr'><strong>Alexandriae</strong></span> <span class='ocrx_word' id='word_1_226' title='bbox 651 2174 693 2210; x_wconf 89' lang='lat' dir='ltr'><strong>et</strong></span> <span class='ocrx_word' id='word_1_227' title='bbox 722 2169 885 2211; x_wconf 90' lang='lat' dir='ltr'><strong>Romae</strong></span> <span class='ocrx_word' id='word_1_228' title='bbox 926 2169 1186 2211; x_wconf 88' lang='lat' dir='ltr'><strong>medicinam</strong></span> <span class='ocrx_word' id='word_1_229' title='bbox 1221 2169 1439 2225; x_wconf 86' lang='lat' dir='ltr'><strong>professus</strong></span> <span class='ocrx_word' id='word_1_230' title='bbox 1471 2175 1536 2211; x_wconf 89' lang='lat' dir='ltr'><strong>est</strong></span> <span class='ocrx_word' id='word_1_231' title='bbox 1566 2170 1832 2226; x_wconf 85' lang='lat' dir='ltr'><strong>temporibus</strong></span> <span class='ocrx_word' id='word_1_232' title='bbox 1861 2170 2040 2214; x_wconf 83' lang='lat' dir='ltr'><strong>Traiani</strong></span> 
     </span>
     <span class='ocr_line' id='line_1_30' title="bbox 318 2236 2041 2295; baseline 0.001 -16"><span class='ocrx_word' id='word_1_233' title='bbox 318 2244 360 2280; x_wconf 91' lang='lat' dir='ltr'><strong>et</strong></span> <span class='ocrx_word' id='word_1_234' title='bbox 398 2237 611 2279; x_wconf 89' lang='lat' dir='ltr'><strong>Hadriani</strong></span> <span class='ocrx_word' id='word_1_235' title='bbox 652 2237 812 2280; x_wconf 78' lang='lat' dir='ltr'><strong>Suidas</strong></span> <span class='ocrx_word' id='word_1_236' title='bbox 853 2250 885 2279; x_wconf 82' lang='grc'><strong>3.</strong></span> <span class='ocrx_word' id='word_1_237' title='bbox 926 2251 962 2279; x_wconf 82' lang='lat' dir='ltr'><strong>v.</strong></span> <span class='ocrx_word' id='word_1_238' title='bbox 1026 2236 1278 2294; x_wconf 87' lang='lat' dir='ltr'><strong>Discipulus</strong></span> <span class='ocrx_word' id='word_1_239' title='bbox 1320 2238 1411 2279; x_wconf 89' lang='lat' dir='ltr'><strong>eius</strong></span> <span class='ocrx_word' id='word_1_240' title='bbox 1445 2236 1620 2280; x_wconf 88' lang='lat' dir='ltr'><strong>Attalus</strong></span> <span class='ocrx_word' id='word_1_241' title='bbox 1658 2237 1852 2295; x_wconf 86' lang='lat' dir='ltr'><strong>aequalis</strong></span> <span class='ocrx_word' id='word_1_242' title='bbox 1883 2238 2041 2283; x_wconf 81' lang='lat' dir='ltr'><strong>Galeni</strong></span> 
     </span>
     <span class='ocr_line' id='line_1_31' title="bbox 320 2304 2041 2361; baseline 0.001 -13"><span class='ocrx_word' id='word_1_243' title='bbox 320 2305 471 2349; x_wconf 79' lang='lat' dir='ltr'><strong>Galen.</strong></span> <span class='ocrx_word' id='word_1_244' title='bbox 516 2305 564 2347; x_wconf 95' lang='lat' dir='ltr'><strong><em>X</em></strong></span> <span class='ocrx_word' id='word_1_245' title='bbox 603 2308 696 2348; x_wconf 86' lang='lat'><em>910.</em></span> <span class='ocrx_word' id='word_1_246' title='bbox 778 2304 953 2360; x_wconf 73' lang='lat' dir='ltr'><strong>Scripta</strong></span> <span class='ocrx_word' id='word_1_247' title='bbox 1002 2306 1090 2348; x_wconf 86' lang='lat' dir='ltr'><strong>eius</strong></span> <span class='ocrx_word' id='word_1_248' title='bbox 1138 2306 1376 2361; x_wconf 56' lang='lat' dir='ltr'><strong>complura⁴</strong></span> <span class='ocrx_word' id='word_1_249' title='bbox 1406 2305 1464 2348; x_wconf 81' lang='lat' dir='ltr'><strong>ad</strong></span> <span class='ocrx_word' id='word_1_250' title='bbox 1509 2305 1761 2351; x_wconf 78' lang='lat' dir='ltr'><strong>medicinam</strong></span> <span class='ocrx_word' id='word_1_251' title='bbox 1804 2307 2041 2361; x_wconf 74' lang='lat' dir='ltr'><strong>spectantia</strong></span> 
     </span>
     <span class='ocr_line' id='line_1_32' title="bbox 320 2373 2040 2426; baseline 0.002 -11"><span class='ocrx_word' id='word_1_252' title='bbox 320 2377 534 2416; x_wconf 80' lang='lat' dir='ltr'><strong>enumerat</strong></span> <span class='ocrx_word' id='word_1_253' title='bbox 555 2373 729 2424; x_wconf 80' lang='lat' dir='ltr'><strong>Suidas,</strong></span> <span class='ocrx_word' id='word_1_254' title='bbox 760 2373 834 2416; x_wconf 80' lang='lat' dir='ltr'><strong>sed</strong></span> <span class='ocrx_word' id='word_1_255' title='bbox 861 2374 1048 2416; x_wconf 80' lang='lat' dir='ltr'><strong>tribuens</strong></span> <span class='ocrx_word' id='word_1_256' title='bbox 1069 2388 1120 2416; x_wconf 91' lang='lat' dir='ltr'><strong>ea</strong></span> <span class='ocrx_word' id='word_1_257' title='bbox 1140 2374 1309 2418; x_wconf 79' lang='lat' dir='ltr'><strong>Sorano</strong></span> <span class='ocrx_word' id='word_1_258' title='bbox 1336 2375 1510 2426; x_wconf 89' lang='lat' dir='ltr'><strong>iuniori,</strong></span> <span class='ocrx_word' id='word_1_259' title='bbox 1542 2374 1763 2417; x_wconf 82' lang='lat' dir='ltr'><strong>dubitatur</strong></span> <span class='ocrx_word' id='word_1_260' title='bbox 1788 2389 1890 2418; x_wconf 87' lang='lat' dir='ltr'><strong>num</strong></span> <span class='ocrx_word' id='word_1_261' title='bbox 1917 2378 2040 2426; x_wconf 82' lang='lat' dir='ltr'><strong>recte,</strong></span> 
     </span>
     <span class='ocr_line' id='line_1_33' title="bbox 319 2441 2039 2497; baseline 0.002 -14"><span class='ocrx_word' id='word_1_262' title='bbox 319 2441 411 2483; x_wconf 85' lang='lat' dir='ltr'><strong>alia</strong></span> <span class='ocrx_word' id='word_1_263' title='bbox 450 2442 554 2483; x_wconf 83' lang='lat' dir='ltr'><strong>citat</strong></span> <span class='ocrx_word' id='word_1_264' title='bbox 580 2441 768 2484; x_wconf 77' lang='lat' dir='ltr'><strong>Galenus</strong></span> <span class='ocrx_word' id='word_1_265' title='bbox 797 2441 905 2484; x_wconf 86' lang='lat' dir='ltr'><strong>XII</strong></span> <span class='ocrx_word' id='word_1_266' title='bbox 926 2445 1008 2485; x_wconf 90' lang='lat'><strong>493</strong></span> <span class='ocrx_word' id='word_1_267' title='bbox 1037 2445 1077 2485; x_wconf 88' lang='lat' dir='ltr'><strong>et</strong></span> <span class='ocrx_word' id='word_1_268' title='bbox 1106 2442 1233 2493; x_wconf 85' lang='lat' dir='ltr'><strong>alibi,</strong></span> <span class='ocrx_word' id='word_1_269' title='bbox 1276 2442 1450 2497; x_wconf 79' lang='lat' dir='ltr'><strong>denique</strong></span> <span class='ocrx_word' id='word_1_270' title='bbox 1488 2443 1685 2496; x_wconf 80' lang='lat' dir='ltr'><strong>feruntur</strong></span> <span class='ocrx_word' id='word_1_271' title='bbox 1717 2442 1925 2486; x_wconf 83' lang='lat' dir='ltr'><strong>nonnulla</strong></span> <span class='ocrx_word' id='word_1_272' title='bbox 1962 2443 2039 2486; x_wconf 75' lang='lat' dir='ltr'><strong>sub</strong></span> 
     </span>
     <span class='ocr_line' id='line_1_34' title="bbox 319 2510 2040 2566; baseline 0.002 -15"><span class='ocrx_word' id='word_1_273' title='bbox 319 2510 407 2552; x_wconf 81' lang='lat' dir='ltr'><strong>eius</strong></span> <span class='ocrx_word' id='word_1_274' title='bbox 435 2510 600 2552; x_wconf 88' lang='lat' dir='ltr'><strong>nomine</strong></span> <span class='ocrx_word' id='word_1_275' title='bbox 631 2511 735 2566; x_wconf 84' lang='grc' dir='ltr'>(περὶ</span> <span class='ocrx_word' id='word_1_276' title='bbox 765 2511 995 2566; x_wconf 83' lang='grc' dir='ltr'>γυναικείων</span> <span class='ocrx_word' id='word_1_277' title='bbox 1027 2512 1167 2555; x_wconf 77' lang='grc' dir='ltr'>παθῶν</span> <span class='ocrx_word' id='word_1_278' title='bbox 1200 2510 1261 2554; x_wconf 83' lang='lat' dir='ltr'><strong>ed.</strong></span> <span class='ocrx_word' id='word_1_279' title='bbox 1289 2511 1526 2562; x_wconf 62' lang='lat' dir='ltr'><strong>Emmerins,</strong></span> <span class='ocrx_word' id='word_1_280' title='bbox 1564 2511 1682 2555; x_wconf 84' lang='lat' dir='ltr'><strong>Trai.</strong></span> <span class='ocrx_word' id='word_1_281' title='bbox 1715 2510 1775 2553; x_wconf 82' lang='lat' dir='ltr'><strong>ad</strong></span> <span class='ocrx_word' id='word_1_282' title='bbox 1799 2510 1885 2554; x_wconf 78' lang='lat' dir='ltr'><strong>Rh.</strong></span> <span class='ocrx_word' id='word_1_283' title='bbox 1917 2514 2040 2563; x_wconf 90' lang='grc'><strong><em>1869,</em></strong></span> 
     </span>
     <span class='ocr_line' id='line_1_35' title="bbox 320 2577 2042 2638; baseline -0.004 -20"><span class='ocrx_word' id='word_1_284' title='bbox 320 2578 418 2620; x_wconf 80' lang='lat' dir='ltr'><strong>item</strong></span> <span class='ocrx_word' id='word_1_285' title='bbox 449 2577 494 2619; x_wconf 90' lang='lat' dir='ltr'><strong>V.</strong></span> <span class='ocrx_word' id='word_1_286' title='bbox 525 2578 649 2628; x_wconf 81' lang='lat' dir='ltr'><strong>Rose,</strong></span> <span class='ocrx_word' id='word_1_287' title='bbox 681 2579 799 2632; x_wconf 74' lang='lat' dir='ltr'><strong>Lips.</strong></span> <span class='ocrx_word' id='word_1_288' title='bbox 829 2581 964 2630; x_wconf 79' lang='lat'><em>1882,-</em></span> <span class='ocrx_word' id='word_1_289' title='bbox 1003 2581 1090 2636; x_wconf 84' lang='grc' dir='ltr'>περὶ</span> <span class='ocrx_word' id='word_1_290' title='bbox 1130 2581 1307 2636; x_wconf 72' lang='grc' dir='ltr'>σημείων</span> <span class='ocrx_word' id='word_1_291' title='bbox 1345 2582 1642 2636; x_wconf 71' lang='grc' dir='ltr'>καταγμάτων,</span> <span class='ocrx_word' id='word_1_292' title='bbox 1664 2579 1763 2622; x_wconf 84' lang='lat' dir='ltr'><strong>item</strong></span> <span class='ocrx_word' id='word_1_293' title='bbox 1802 2581 1885 2638; x_wconf 83' lang='grc' dir='ltr'>βίος</span> <span class='ocrx_word' id='word_1_294' title='bbox 1914 2578 2042 2623; x_wconf 84' lang='grc' dir='ltr'><strong><em>Ἱππο.</em></strong></span> 
     </span>
     <span class='ocr_line' id='line_1_36' title="bbox 321 2646 2040 2702; baseline 0.002 -14"><span class='ocrx_word' id='word_1_295' title='bbox 321 2648 507 2702; x_wconf 78' lang='grc' dir='ltr'>κράτους,</span> <span class='ocrx_word' id='word_1_296' title='bbox 549 2660 616 2700; x_wconf 75' lang='lat' dir='ltr'><strong>ap.</strong></span> <span class='ocrx_word' id='word_1_297' title='bbox 647 2646 788 2688; x_wconf 78' lang='lat' dir='ltr'><strong>Ideler</strong></span> <span class='ocrx_word' id='word_1_298' title='bbox 815 2647 987 2701; x_wconf 72' lang='lat' dir='ltr'><strong>physici</strong></span> <span class='ocrx_word' id='word_1_299' title='bbox 1023 2651 1062 2690; x_wconf 92' lang='lat' dir='ltr'><strong>et</strong></span> <span class='ocrx_word' id='word_1_300' title='bbox 1096 2648 1249 2690; x_wconf 82' lang='lat' dir='ltr'><strong>medici</strong></span> <span class='ocrx_word' id='word_1_301' title='bbox 1285 2647 1445 2691; x_wconf 77' lang='lat' dir='ltr'><strong>Graeci</strong></span> <span class='ocrx_word' id='word_1_302' title='bbox 1479 2648 1661 2690; x_wconf 83' lang='lat' dir='ltr'><strong>minores</strong></span> <span class='ocrx_word' id='word_1_303' title='bbox 1691 2648 1725 2690; x_wconf 95' lang='lat' dir='ltr'><strong>I</strong></span> <span class='ocrx_word' id='word_1_304' title='bbox 1738 2661 1786 2702; x_wconf 75' lang='lat' dir='ltr'><strong>p.</strong></span> <span class='ocrx_word' id='word_1_305' title='bbox 1809 2651 1896 2691; x_wconf 88' lang='grc'><strong>248</strong></span> <span class='ocrx_word' id='word_1_306' title='bbox 1923 2648 2040 2702; x_wconf 55' lang='lat' dir='ltr'><strong>seq).</strong></span> 
     </span>
     <span class='ocr_line' id='line_1_37' title="bbox 324 2714 2043 2770; baseline 0.003 -16"><span class='ocrx_word' id='word_1_307' title='bbox 324 2714 393 2755; x_wconf 85' lang='lat' dir='ltr'><strong>Ex</strong></span> <span class='ocrx_word' id='word_1_308' title='bbox 424 2715 516 2756; x_wconf 91' lang='lat' dir='ltr'><strong>eius</strong></span> <span class='ocrx_word' id='word_1_309' title='bbox 548 2715 717 2770; x_wconf 86' lang='lat' dir='ltr'><strong>scriptis</strong></span> <span class='ocrx_word' id='word_1_310' title='bbox 748 2717 793 2757; x_wconf 93' lang='lat' dir='ltr'><strong>in</strong></span> <span class='ocrx_word' id='word_1_311' title='bbox 813 2715 1019 2758; x_wconf 84' lang='lat' dir='ltr'><strong>Latinum</strong></span> <span class='ocrx_word' id='word_1_312' title='bbox 1045 2731 1284 2759; x_wconf 90' lang='lat' dir='ltr'><strong>sermonem</strong></span> <span class='ocrx_word' id='word_1_313' title='bbox 1303 2717 1419 2759; x_wconf 83' lang='lat' dir='ltr'><strong>versi</strong></span> <span class='ocrx_word' id='word_1_314' title='bbox 1440 2715 1577 2758; x_wconf 82' lang='lat' dir='ltr'><strong>Caelii</strong></span> <span class='ocrx_word' id='word_1_315' title='bbox 1597 2715 1823 2758; x_wconf 89' lang='lat' dir='ltr'><strong>Aureliani</strong></span> <span class='ocrx_word' id='word_1_316' title='bbox 1855 2716 2043 2760; x_wconf 88' lang='lat' dir='ltr'><strong>celerum</strong></span> 
     </span>
     <span class='ocr_line' id='line_1_38' title="bbox 326 2781 2044 2838; baseline 0.002 -15"><span class='ocrx_word' id='word_1_317' title='bbox 326 2788 368 2823; x_wconf 89' lang='lat' dir='ltr'><strong>et</strong></span> <span class='ocrx_word' id='word_1_318' title='bbox 397 2781 619 2824; x_wconf 87' lang='lat' dir='ltr'><strong>tardarum</strong></span> <span class='ocrx_word' id='word_1_319' title='bbox 650 2784 894 2838; x_wconf 87' lang='lat' dir='ltr'><strong>passionum</strong></span> <span class='ocrx_word' id='word_1_320' title='bbox 924 2784 1024 2827; x_wconf 88' lang='lat' dir='ltr'><strong>libri</strong></span> <span class='ocrx_word' id='word_1_321' title='bbox 1053 2784 1168 2828; x_wconf 77' lang='lat' dir='ltr'><strong>Cael.</strong></span> <span class='ocrx_word' id='word_1_322' title='bbox 1200 2785 1348 2830; x_wconf 80' lang='lat' dir='ltr'><strong>Aurel,</strong></span> <span class='ocrx_word' id='word_1_323' title='bbox 1381 2787 1490 2827; x_wconf 81' lang='lat' dir='ltr'><strong>aeut.</strong></span> <span class='ocrx_word' id='word_1_324' title='bbox 1518 2788 1561 2836; x_wconf 87' lang='grc'><strong><em>2,</em></strong></span> <span class='ocrx_word' id='word_1_325' title='bbox 1583 2788 1623 2827; x_wconf 91' lang='grc'><strong>1.</strong></span> <span class='ocrx_word' id='word_1_326' title='bbox 1644 2787 1715 2835; x_wconf 85' lang='grc'><strong><em>28,</em></strong></span> <span class='ocrx_word' id='word_1_327' title='bbox 1745 2783 1886 2830; x_wconf 78' lang='lat' dir='ltr'><strong>chron.</strong></span> <span class='ocrx_word' id='word_1_328' title='bbox 1916 2788 1961 2837; x_wconf 85' lang='grc'><strong><em>2,</em></strong></span> <span class='ocrx_word' id='word_1_329' title='bbox 1993 2788 2044 2836; x_wconf 88' lang='grc'><strong><em>7,·</em></strong></span> 
     </span>
     <span class='ocr_line' id='line_1_39' title="bbox 326 2849 2044 2908; baseline 0.003 -17"><span class='ocrx_word' id='word_1_330' title='bbox 326 2850 379 2903; x_wconf 84' lang='lat' dir='ltr'><strong>cf.</strong></span> <span class='ocrx_word' id='word_1_331' title='bbox 409 2849 568 2901; x_wconf 82' lang='lat' dir='ltr'><strong>Teuffel</strong></span> <span class='ocrx_word' id='word_1_332' title='bbox 596 2853 748 2900; x_wconf 84' lang='lat'><em>463,1.</em></span> <span class='ocrx_word' id='word_1_333' title='bbox 808 2852 1076 2895; x_wconf 85' lang='lat' dir='ltr'><strong>Memoratur</strong></span> <span class='ocrx_word' id='word_1_334' title='bbox 1107 2851 1306 2908; x_wconf 69' lang='lat' dir='ltr'><strong>prrian.</strong></span> <span class='ocrx_word' id='word_1_335' title='bbox 1340 2868 1401 2908; x_wconf 75' lang='lat' dir='ltr'><strong>ep.</strong></span> <span class='ocrx_word' id='word_1_336' title='bbox 1433 2856 1499 2904; x_wconf 90' lang='lat'><strong>69,</strong></span> <span class='ocrx_word' id='word_1_337' title='bbox 1532 2856 1608 2905; x_wconf 88' lang='lat'><em>13,·</em></span> <span class='ocrx_word' id='word_1_338' title='bbox 1637 2852 1863 2908; x_wconf 72' lang='lat' dir='ltr'><strong>Auyustin.</strong></span> <span class='ocrx_word' id='word_1_339' title='bbox 1895 2857 2044 2897; x_wconf 85' lang='lat' dir='ltr'><strong>contra</strong></span> 
     </span>
     <span class='ocr_line' id='line_1_40' title="bbox 325 2918 2046 2977; baseline 0.002 -17"><span class='ocrx_word' id='word_1_340' title='bbox 325 2918 483 2962; x_wconf 84' lang='lat' dir='ltr'><strong>Iulian.</strong></span> <span class='ocrx_word' id='word_1_341' title='bbox 515 2918 660 2973; x_wconf 76' lang='lat' dir='ltr'><strong>Pelay.</strong></span> <span class='ocrx_word' id='word_1_342' title='bbox 681 2922 718 2969; x_wconf 87' lang='lat'><strong>5,</strong></span> <span class='ocrx_word' id='word_1_343' title='bbox 744 2923 807 2970; x_wconf 85' lang='lat'><strong>14,</strong></span> <span class='ocrx_word' id='word_1_344' title='bbox 828 2923 894 2971; x_wconf 89' lang='grc'><strong>51,</strong></span> <span class='ocrx_word' id='word_1_345' title='bbox 925 2924 1143 2964; x_wconf 87' lang='lat' dir='ltr'><strong>retractat.</strong></span> <span class='ocrx_word' id='word_1_346' title='bbox 1165 2926 1208 2973; x_wconf 91' lang='grc'><strong><em>2,</em></strong></span> <span class='ocrx_word' id='word_1_347' title='bbox 1230 2925 1301 2965; x_wconf 88' lang='grc'><strong>62.</strong></span> <span class='ocrx_word' id='word_1_348' title='bbox 1355 2922 1586 2964; x_wconf 87' lang='lat' dir='ltr'><strong>Praeterea</strong></span> <span class='ocrx_word' id='word_1_349' title='bbox 1615 2922 1787 2977; x_wconf 88' lang='lat' dir='ltr'><strong>scripsit</strong></span> <span class='ocrx_word' id='word_1_350' title='bbox 1816 2921 1870 2964; x_wconf 88' lang='lat' dir='ltr'><strong>de</strong></span> <span class='ocrx_word' id='word_1_351' title='bbox 1899 2922 2046 2964; x_wconf 84' lang='lat' dir='ltr'><strong>anima</strong></span> 
     </span>
     <span class='ocr_line' id='line_1_41' title="bbox 326 2985 2043 3044; baseline 0.003 -17"><span class='ocrx_word' id='word_1_352' title='bbox 326 2985 455 3028; x_wconf 91' lang='lat' dir='ltr'><strong>libros</strong></span> <span class='ocrx_word' id='word_1_353' title='bbox 496 2993 698 3042; x_wconf 87' lang='lat' dir='ltr'><strong>quattuor</strong></span> <span class='ocrx_word' id='word_1_354' title='bbox 736 3003 845 3044; x_wconf 90' lang='lat' dir='ltr'><strong>quos</strong></span> <span class='ocrx_word' id='word_1_355' title='bbox 885 2988 1088 3032; x_wconf 88' lang='lat' dir='ltr'><strong>adhibuit</strong></span> <span class='ocrx_word' id='word_1_356' title='bbox 1131 2989 1418 3033; x_wconf 78' lang='lat' dir='ltr'><strong>Tertullianus</strong></span> <span class='ocrx_word' id='word_1_357' title='bbox 1458 2989 1507 3031; x_wconf 77' lang='lat' dir='ltr'><strong>de</strong></span> <span class='ocrx_word' id='word_1_358' title='bbox 1538 2989 1665 3034; x_wconf 81' lang='lat' dir='ltr'><strong>anim.</strong></span> <span class='ocrx_word' id='word_1_359' title='bbox 1697 3003 1731 3031; x_wconf 85' lang='lat' dir='ltr'><strong>e.</strong></span> <span class='ocrx_word' id='word_1_360' title='bbox 1763 2992 1789 3031; x_wconf 88' lang='lat'><em>6</em></span> <span class='ocrx_word' id='word_1_361' title='bbox 1818 2990 1874 3043; x_wconf 80' lang='lat' dir='ltr'><strong>cf.</strong></span> <span class='ocrx_word' id='word_1_362' title='bbox 1904 2992 1944 3033; x_wconf 89' lang='grc'><strong>8.</strong></span> <span class='ocrx_word' id='word_1_363' title='bbox 1977 2992 2043 3033; x_wconf 81' lang='grc'><strong>14.</strong></span> 
     </span>
     <span class='ocr_line' id='line_1_42' title="bbox 326 3055 1312 3113; baseline 0.005 -17"><span class='ocrx_word' id='word_1_364' title='bbox 326 3057 389 3096; x_wconf 88' lang='grc'><strong><em>15.</em></strong></span> <span class='ocrx_word' id='word_1_365' title='bbox 420 3057 489 3098; x_wconf 88' lang='grc'><strong><em>25.</em></strong></span> <span class='ocrx_word' id='word_1_366' title='bbox 519 3058 573 3096; x_wconf 87' lang='lat'><strong>44</strong></span> <span class='ocrx_word' id='word_1_367' title='bbox 583 3068 596 3105; x_wconf 89' lang='lat'><em>;</em></span> <span class='ocrx_word' id='word_1_368' title='bbox 626 3056 679 3108; x_wconf 80' lang='lat' dir='ltr'><strong>cf.</strong></span> <span class='ocrx_word' id='word_1_369' title='bbox 711 3055 833 3098; x_wconf 84' lang='lat' dir='ltr'><strong>Diels</strong></span> <span class='ocrx_word' id='word_1_370' title='bbox 862 3056 1031 3112; x_wconf 72' lang='lat' dir='ltr'><strong>doxoyr.</strong></span> <span class='ocrx_word' id='word_1_371' title='bbox 1055 3072 1103 3112; x_wconf 78' lang='lat' dir='ltr'><strong>p.</strong></span> <span class='ocrx_word' id='word_1_372' title='bbox 1125 3062 1211 3101; x_wconf 85' lang='grc'><strong>206</strong></span> <span class='ocrx_word' id='word_1_373' title='bbox 1231 3072 1312 3113; x_wconf 80' lang='lat' dir='ltr'><strong>seq.</strong></span> 
     </span>
     <span class='ocr_line' id='line_1_43' title="bbox 355 3127 791 3167; baseline 0.009 -5"><span class='ocrx_word' id='word_1_374' title='bbox 355 3127 521 3163; x_wconf 89' lang='lat' dir='ltr'><strong>BAREA</strong></span> <span class='ocrx_word' id='word_1_375' title='bbox 553 3128 791 3167; x_wconf 85' lang='lat' dir='ltr'><strong>SORANVS.</strong></span> 
     </span>
    </p>
   </div>
   <div class='ocr_carea' id='block_1_10' title="bbox 244 3189 2042 3250">
    <p class='ocr_par' dir='ltr' id='par_1_15' title="bbox 244 3189 2042 3250">
     <span class='ocr_line' id='line_1_44' title="bbox 244 3189 2042 3250; baseline 0.004 -20"><span class='ocrx_word' id='word_1_376' title='bbox 244 3191 326 3231; x_wconf 79' lang='lat'><strong>550</strong></span> <span class='ocrx_word' id='word_1_377' title='bbox 358 3189 605 3244; x_wconf 66' lang='lat' dir='ltr'><strong>sornatius,</strong></span> <span class='ocrx_word' id='word_1_378' title='bbox 648 3197 800 3233; x_wconf 84' lang='lat' dir='ltr'><strong>auctor</strong></span> <span class='ocrx_word' id='word_1_379' title='bbox 839 3192 1059 3235; x_wconf 88' lang='lat' dir='ltr'><strong>adhibitus</strong></span> <span class='ocrx_word' id='word_1_380' title='bbox 1090 3209 1116 3236; x_wconf 90' lang='lat' dir='ltr'><strong>a</strong></span> <span class='ocrx_word' id='word_1_381' title='bbox 1147 3194 1287 3236; x_wconf 89' lang='lat' dir='ltr'><strong>Plinio</strong></span> <span class='ocrx_word' id='word_1_382' title='bbox 1329 3195 1384 3237; x_wconf 89' lang='lat' dir='ltr'><strong>ad</strong></span> <span class='ocrx_word' id='word_1_383' title='bbox 1422 3194 1556 3238; x_wconf 89' lang='lat' dir='ltr'><strong>libros</strong></span> <span class='ocrx_word' id='word_1_384' title='bbox 1587 3194 1745 3236; x_wconf 92' lang='lat' dir='ltr'><strong>XXXI</strong></span> <span class='ocrx_word' id='word_1_385' title='bbox 1776 3200 1819 3236; x_wconf 89' lang='lat' dir='ltr'><strong>et</strong></span> <span class='ocrx_word' id='word_1_386' title='bbox 1848 3194 2042 3250; x_wconf 87' lang='lat' dir='ltr'><strong>XXXII,</strong></span> 
     </span>
    </p>
   </div>
   <div class='ocr_carea' id='block_1_11' title="bbox 328 3256 2044 3383">
    <p class='ocr_par' dir='ltr' id='par_1_16' title="bbox 328 3256 2044 3383">
     <span class='ocr_line' id='line_1_45' title="bbox 328 3256 2044 3319; baseline 0.006 -22"><span class='ocrx_word' id='word_1_387' title='bbox 328 3256 484 3311; x_wconf 88' lang='lat' dir='ltr'><strong>quibus</strong></span> <span class='ocrx_word' id='word_1_388' title='bbox 524 3259 798 3301; x_wconf 87' lang='lat' dir='ltr'><strong>continentur</strong></span> <span class='ocrx_word' id='word_1_389' title='bbox 837 3260 1076 3303; x_wconf 90' lang='lat' dir='ltr'><strong>medicinae</strong></span> <span class='ocrx_word' id='word_1_390' title='bbox 1118 3277 1172 3304; x_wconf 86' lang='lat' dir='ltr'><strong>ex</strong></span> <span class='ocrx_word' id='word_1_391' title='bbox 1213 3262 1474 3319; x_wconf 87' lang='lat' dir='ltr'><strong>aquatilibus</strong></span> <span class='ocrx_word' id='word_1_392' title='bbox 1514 3262 1629 3305; x_wconf 80' lang='lat' dir='ltr'><strong>Plin.</strong></span> <span class='ocrx_word' id='word_1_393' title='bbox 1671 3262 1710 3307; x_wconf 79' lang='lat' dir='ltr'><strong>h.</strong></span> <span class='ocrx_word' id='word_1_394' title='bbox 1742 3276 1784 3304; x_wconf 90' lang='lat' dir='ltr'><strong>n.</strong></span> <span class='ocrx_word' id='word_1_395' title='bbox 1815 3266 1853 3313; x_wconf 87' lang='lat'><strong>1,</strong></span> <span class='ocrx_word' id='word_1_396' title='bbox 1880 3266 1946 3307; x_wconf 88' lang='grc'><strong>31.</strong></span> <span class='ocrx_word' id='word_1_397' title='bbox 1973 3266 2044 3311; x_wconf 82' lang='grc'><strong>32,</strong></span> 
     </span>
     <span class='ocr_line' id='line_1_46' title="bbox 332 3324 1466 3383; baseline 0.009 -19"><span class='ocrx_word' id='word_1_398' title='bbox 332 3324 486 3365; x_wconf 86' lang='lat' dir='ltr'><strong>citatur</strong></span> <span class='ocrx_word' id='word_1_399' title='bbox 514 3328 584 3374; x_wconf 85' lang='grc'><strong><em>32,</em></strong></span> <span class='ocrx_word' id='word_1_400' title='bbox 616 3328 680 3368; x_wconf 82' lang='grc'><strong>68.</strong></span> <span class='ocrx_word' id='word_1_401' title='bbox 740 3326 953 3369; x_wconf 88' lang='lat' dir='ltr'><strong>Incertum</strong></span> <span class='ocrx_word' id='word_1_402' title='bbox 983 3343 1062 3382; x_wconf 77' lang='lat' dir='ltr'><strong>quo</strong></span> <span class='ocrx_word' id='word_1_403' title='bbox 1093 3333 1273 3383; x_wconf 71' lang='lat' dir='ltr'><strong>tempore</strong></span> <span class='ocrx_word' id='word_1_404' title='bbox 1302 3331 1466 3374; x_wconf 76' lang='lat' dir='ltr'><strong>vixerit.</strong></span> 
     </span>
    </p>
   </div>
   <div class='ocr_carea' id='block_1_12' title="bbox 2191 0 2242 3114">
    <p class='ocr_par' dir='ltr' id='par_1_17' title="bbox 2191 0 2242 3114">
     <span class='ocr_line' id='line_1_47' title="bbox 2191 0 2242 3114; baseline 0 0"><span class='ocrx_word' id='word_1_405' title='bbox 2191 0 2242 3114; x_wconf 95' lang='lat' dir='ltr'><strong> </strong></span> 
     </span>
    </p>
   </div>
   <div class='ocr_carea' id='block_1_13' title="bbox 2202 3118 2242 3672">
    <p class='ocr_par' dir='ltr' id='par_1_18' title="bbox 2202 3118 2242 3672">
     <span class='ocr_line' id='line_1_48' title="bbox 2202 3118 2242 3672; baseline 0 0"><span class='ocrx_word' id='word_1_406' title='bbox 2202 3118 2242 3672; x_wconf 95' lang='lat' dir='ltr'><strong> </strong></span> 
     </span>
    </p>
   </div>
  </div>
 </body>
</html>
