2242 3672
300 287 563 323 SEPTIMIVS
1160 278 1243 320 208
1572 281 1574 283 ’
1843 285 2106 322 SEPTIMIVS

386 418 582 475 publicus
614 417 825 459 iudicatus
857 416 1082 458 confestim
1111 416 1240 471 periit
1259 412 1443 470 Eutrop.
1467 418 1506 466 8,
1529 419 1582 458 19
1603 416 1660 471 (a.
1683 420 1783 467 212,
1805 431 1941 461 mense
1960 417 2008 460 F
2005 418 2104 469 ebr,

384 488 423 529 si
450 501 542 529 vere
571 499 714 528 novem
743 498 902 527 menses
929 485 1037 526 vixit
1064 484 1181 526 ultra
1210 484 1449 526 vicesimum
1481 484 1662 527 alterum
1691 499 1863 537 annum,
1890 486 1978 530 Dio
2007 487 2034 530 l.
2056 501 2105 539 e.,

384 558 423 598 et
451 556 490 596 si
517 568 609 596 vere
638 553 800 595 natalis
828 553 917 595 eius
945 553 1031 606 suit
1059 551 1097 594 d.
1120 555 1178 595 27
1199 552 1328 603 Mai„
1361 554 1415 606 ef.
1436 566 1570 606 supra
1579 566 1592 604 ,·
1622 554 1805 607 fortasse
1826 554 1865 596 d.
1887 557 1942 598 19
1961 554 2008 597 F
2006 556 2106 607 ebr„

383 638 461 677 quo
482 622 547 664 die
565 636 649 676 pro
670 621 805 663 salute
821 620 1077 664 Caracallae
1097 621 1143 662 in
1157 620 1350 675 Aeyypto
1371 621 1660 676 sacrificatum
1681 636 1766 665 esse
1787 622 1903 666 docet
1912 638 2108 679 papyrus

383 706 450 745 ap.
472 690 659 733 Wz'leken
680 689 826 732 Herm.
848 692 906 732 20
928 704 975 743 p.
1000 692 1080 731 434
1111 690 1166 743 ef.
1190 704 1239 744 p.
1261 688 1371 744 465).
1432 690 1669 745 Imperavit
1698 705 1867 733 menses
1888 691 1931 733 X
1954 690 1995 734 d.
2015 692 2107 735 XII

381 759 598 813 ehronoyr.
631 772 670 802 a.
699 761 792 812 354,
827 773 896 813 ap.
924 758 1121 800 Momms.
1151 757 1293 802 chron.
1322 759 1423 800 min.
1455 759 1489 800 I
1502 773 1551 813 p.
1572 762 1665 810 147,
1697 759 1808 814 quod
1837 759 1952 803 ducit
1981 759 2040 802 ad
2066 759 2106 803 d.

382 830 435 868 16
463 826 565 870 Dec.
603 841 643 868 a.
673 830 770 869 211.

295 895 379 935 3⁴26
408 901 448 937 P.
483 900 745 936 SEPT1M1vs
778 900 923 938 GETA.
989 894 1138 949 Tituli,
1178 893 1388 938 Cretensis
1414 894 1536 938 GIG.
1566 898 1679 939 2591
1705 895 1796 952 (1);
1832 895 1991 940 Dacia·
2017 897 2107 941 ΙΙΙ

380 965 460 1005 905
480 961 557 1017 (2).
586 963 675 1005 ΙΙΙ
697 963 744 1006 S.
767 966 874 1006 7794
895 963 977 1019 (3)‚·
1008 963 1218 1006 Siccensis
1246 963 1370 1006 VIII
1383 963 1429 1007 S.
1452 966 1586 1007 15856
1609 964 1680 1019 (4).
1732 965 1839 1008 Tria
1862 965 2037 1008 nomina
2064 965 2109 1008 in

381 1034 408 1074 t.
429 1034 528 1085 1-4,
560 1031 660 1073 item
679 1032 725 1073 in
744 1032 950 1074 mentione
975 1031 1217 1074 consulatus
1247 1032 1315 1074 VI
1325 1035 1416 1076 220
1438 1032 1692 1089 (Septimius
1712 1034 1825 1076 Geta
1853 1033 1974 1077 VIII
1983 1036 2106 1089 2655,

380 1100 479 1142 item
497 1100 543 1142 in
562 1100 691 1154 fastis
712 1099 904 1151 Graecis,
935 1099 1052 1156 Sept.
1077 1100 1190 1144 Geta
1210 1101 1299 1143 III
1310 1103 1438 1151 5802,
1461 1104 1692 1155 praeterea
1712 1102 1824 1146 Geta
1855 1101 1932 1158 [vel
1952 1101 2107 1157 ZetaD.

464 1168 620 1211 Frater
649 1170 750 1225 imp.
782 1170 833 1213 L.
867 1169 1081 1226 Septimii
1098 1170 1248 1213 Severi
1279 1169 1367 1212 Dio
1401 1173 1464 1221 76,
1486 1174 1541 1222 2,·
1569 1171 1641 1213 vit.
1664 1170 1811 1214 Severi
1831 1173 1872 1222 8,
1893 1174 1960 1214 10.
1980 1174 2047 1222 10,
2067 1174 2107 1216 3.

379 1240 445 1287 14,
462 1241 540 1288 10,·
561 1238 615 1291 ef.
632 1241 659 1279 t.
675 1241 714 1282 3.
730 1241 769 1280 4.
804 1237 1018 1291 Quaestor
1038 1253 1116 1294 pro
1138 1253 1202 1293 pr.
1225 1239 1478 1294 provinciae
1493 1238 1649 1282 Cretae
1671 1246 1714 1281 et
1729 1238 2002 1295 Cyrenarum
2023 1243 2052 1284 t.
2067 1243 2108 1282 1.

381 1304 542 1348 Consul
573 1306 671 1350 suff.
698 1321 735 1348 a.
759 1307 842 1351 inc.
887 1307 1166 1348 Provinciam
1195 1306 1399 1362 (Daciam
1424 1310 1472 1349 ut
1497 1307 1673 1358 videtur,
1706 1322 1833 1362 quam
1862 1311 1970 1352 certe
1997 1309 2111 1352 rexit

378 1388 418 1418 a.
440 1377 532 1425 195,
560 1375 615 1428 ef.
637 1375 775 1430 infra)
797 1374 977 1430 regebat
1007 1390 1045 1417 a.
1066 1376 1158 1428 193,
1192 1390 1290 1417 cum
1321 1375 1455 1418 frater
1485 1375 1540 1418 ad
1571 1376 1801 1433 imperium
1823 1383 1998 1420 evectus
2019 1384 2106 1433 est3

380 1443 418 1483 ei
435 1444 625 1486 occurrit
639 1445 819 1486 Romam
838 1442 1110 1500 relinquenti,
1128 1446 1293 1486 maiora
1308 1459 1499 1500 sperans,
1523 1445 1598 1487 sed
1615 1446 1659 1486 in
1677 1446 1946 1502 provinciam
1965 1445 2109 1488 redire

378 1511 520 1553 iussus
551 1518 615 1554 est
642 1513 714 1554 vit.
738 1512 878 1556 Sever.
900 1515 939 1563 8,
962 1516 1029 1556 10.
1090 1513 1283 1567 Legatus
1312 1528 1390 1568 pro
1420 1528 1484 1569 pr.
1517 1514 1649 1555 trium
1679 1514 1918 1556 Daciarum
1947 1516 1977 1557 t.
2007 1517 2052 1559 2.
2079 1517 2109 1557 3

378 1578 482 1634 (iam
522 1594 633 1622 anno
663 1584 745 1623 193
783 1584 831 1623 ut
869 1580 1047 1632 videtur,
1090 1582 1145 1635 ef.
1180 1580 1342 1635 supra),
1385 1596 1422 1623 a.
1459 1582 1537 1624 195
1578 1585 1605 1626 t.
1636 1586 1680 1625 2.
1751 1583 1813 1626 Ut
1850 1597 1949 1625 eum
1979 1598 2006 1625 a
2031 1597 2109 1639 spe

380 1649 563 1704 imperii,
596 1664 726 1705 quam
747 1656 1014 1706 conceperat,
1049 1656 1351 1702 summoveret,
1384 1650 1573 1693 Severus
1594 1650 1728 1693 filium
1752 1666 1879 1693 suum
1898 1651 2107 1695 maiorem

382 1716 613 1760 Caesarem
635 1717 871 1775 appellavit
889 1719 960 1760 vit.
984 1718 1077 1762 Sev.
1099 1722 1165 1769 10,
1186 1722 1225 1762 3.
1258 1717 1422 1761 Consul
1442 1720 1599 1761 iterum
1619 1723 1646 1764 t.
1663 1723 1702 1770 4,
1727 1719 1819 1762 ord.
1842 1735 1881 1763 a.
1900 1721 1986 1763 203
2006 1735 2107 1763 cum

381 1784 430 1827 C.
460 1785 618 1828 Fulvio
650 1785 878 1829 Plautiano
907 1787 1025 1841 fasti.
1085 1787 1278 1829 Moriens
1319 1787 1443 1829 fratri
1483 1787 1647 1830 indicat
1680 1787 1901 1831 Plautiani
1943 1788 2109 1832 scelera

380 1852 469 1896 Dio
499 1857 564 1905 76,
585 1858 628 1898 2.
673 1854 714 1897 Α
745 1855 876 1897 fratre
908 1855 1046 1898 elatus
1078 1855 1248 1909 (funere
1278 1855 1448 1912 publico
1462 1855 1503 1911 P)
1524 1857 1596 1901 vit.
1619 1856 1759 1900 Sever.
1781 1860 1848 1908 14,
1869 1861 1934 1913 10,
1966 1864 2109 1901 statua

379 1922 422 1963 in
444 1922 535 1965 foro
557 1923 790 1966 honoratus
811 1923 900 1966 Dio
922 1924 948 1968 l.
972 1938 1005 1966 o.
1056 1925 1220 1967 Errore
1243 1939 1393 1967 nomen
1414 1939 1581 1968 erasum
1598 1925 1662 1968 vel
1681 1939 1841 1969 rasura
1862 1929 2109 1981 temptatum

378 1990 508 2046 (anno
535 1992 692 2035 seilicet
711 1995 830 2048 212),
863 1994 910 2035 in
938 1994 1219 2035 mentionibus
1249 1993 1492 2036 consulatus
1511 1994 1601 2036 III
1610 1997 1737 2038 5802.
1771 1993 1840 2037 VI
1850 1998 1954 2039 220.
1987 1994 2103 2038 VIII

375 2062 499 2103 2557.
530 2060 657 2103 XIV
674 2063 774 2104 328.
835 2060 944 2113 (Vix
974 2061 1032 2103 ad
1058 2061 1170 2104 hune
1191 2062 1382 2116 pertinet
1410 2066 1438 2104 t.
1469 2062 1766 2105 Anconitanus
1795 2063 1877 2106 IX
1901 2065 2043 2120 5899.)

291 2127 373 2169 327
406 2128 452 2172 P.
476 2128 712 2185 Septimius
736 2130 848 2173 Geta
878 2129 1024 2184 fistula
1044 2130 1250 2184 plumbea
1280 2144 1367 2185 rep.
1390 2130 1448 2173 ad
1465 2131 1579 2173 viam
1601 2130 1806 2182 Cassiam,
1837 2130 1992 2175 XVII
1999 2131 2105 2176 mill.

377 2196 430 2238 ab
459 2198 576 2248 urbe,
618 2197 660 2240 V
678 2198 782 2243 mill.
815 2212 843 2240 a
873 2197 1003 2248 Veiis,
1044 2198 1125 2241 XI
1145 2201 1270 2241 3816.
1329 2198 1535 2241 Fortasse
1574 2200 1612 2242 is
1651 2200 1724 2254 qui
1750 2199 1995 2254 praeeedit‚·
2033 2199 2108 2243 sed

371 2268 512 2319 potest
554 2267 738 2321 eoyitari
776 2267 904 2309 etiam
945 2266 994 2309 de
1035 2266 1120 2309 alio
1163 2267 1401 2320 antiquiore
1442 2267 1626 2310 eiusdem
1663 2268 1848 2310 nominis
1876 2282 1928 2311 ea·
1963 2267 2108 2311 eadem

379 2334 564 2387 familia,
589 2335 844 2388 praesertim
868 2348 960 2377 eum
981 2335 1214 2390 Septimius
1237 2335 1416 2379 Severus
1435 2350 1485 2378 ex
1510 2336 1654 2379 eadem
1683 2336 1857 2391 familia
1876 2336 2108 2391 praedium

376 2401 574 2445 habuerit
602 2404 648 2445 in
678 2418 780 2458 ayro
813 2403 977 2446 Veiente
1008 2404 1146 2457 (infra
1175 2418 1217 2446 n.
1239 2403 1352 2458 345.)

289 2470 372 2512 328
404 2471 452 2512 Ρ.
476 2471 709 2527 Septimius
732 2472 854 2526 Geta,
887 2472 938 2515 L.
959 2472 988 2515 f.
1019 2471 1127 2524 (tria
1155 2473 1333 2515 nomina
1363 2475 1402 2515 et
1421 2487 1683 2527 praenomen
1703 2473 1850 2528 patris
1880 2487 1931 2516 ea·
1959 2476 1989 2518 t.
2011 2472 2105 2517 Cir-

376 2539 483 2580 tensi
492 2552 505 2590 ;
545 2540 656 2582 Geta
685 2540 757 2581 vit.
789 2539 930 2584 Sever.
963 2544 1002 2591 1,
1034 2544 1066 2584 2
1106 2541 1161 2594 ef.
1197 2541 1268 2582 vit.
1298 2540 1392 2584 Get.
1423 2543 1466 2592 2,
1498 2545 1536 2592 1,
1580 2541 1722 2584 Victor
1758 2540 1878 2584 Caes.
1908 2544 1980 2592 20,
2010 2543 2101 2597 32),

376 2613 499 2662 pater
538 2607 588 2649 L.
632 2608 831 2664 Septimii
872 2608 1021 2651 Severi
1061 2608 1249 2663 Augusti
1290 2610 1561 2665 imperatoris
1595 2613 1626 2661 ¹t.
1669 2609 1877 2653 Cirtensis
1908 2609 2031 2653 VIII
2053 2609 2101 2654 S.

376 2677 536 2726 19493;
563 2676 652 2717 vita
682 2676 829 2719 Severi
856 2681 894 2728 1,
925 2680 957 2720 2
986 2678 1102 2733 (item
1123 2681 1255 2732 pater
1283 2677 1334 2719 P.
1371 2677 1570 2732 Septimii
1595 2678 1729 2721 Getae
1759 2679 1848 2721 eius
1875 2679 1950 2732 qui
1969 2693 2100 2733 prae-

376 2742 500 2793 eedit,
541 2744 594 2797 ef.
625 2744 700 2786 sub
730 2744 836 2799 hoe).
900 2746 985 2787 ‘De
1016 2746 1108 2788 eius
1139 2747 1232 2788 vita
1263 2752 1305 2788 et
1334 2746 1527 2788 moribus
1558 2747 1603 2788 in
1634 2748 1724 2789 vita
1754 2746 1905 2790 Severi
1935 2746 2101 2789 Marius

375 2810 594 2853 Maximus
639 2813 777 2867 primo
822 2815 1064 2869 septenario
1111 2815 1214 2856 satis
1258 2816 1430 2871 copiose
1477 2814 1656 2858 rettulit'
1700 2815 1772 2857 vit.
1812 2814 1946 2858 Getae
1984 2818 2028 2866 2,
2059 2818 2100 2857 1.

376 2878 559 2920 Maritus
599 2880 780 2922 Fulviae
822 2883 926 2924 Piae
952 2883 1024 2924 vit.
1054 2882 1203 2926 Severi
1228 2886 1268 2933 1,
1298 2877 1350 2927 2.'
1401 2882 1600 2926 Mortuus
1639 2884 1685 2926 in
1723 2882 1896 2938 Africa,
1938 2882 2098 2928 Severo

378 2945 466 2988 filio
498 2954 725 3003 quaestore
755 2950 826 2991 vit.
860 2950 1005 2993 Severi
1031 2954 1076 3001 2,
1106 2954 1145 2994 3.

291 3015 375 3057 329
407 3021 665 3058 SEPTIMIVS
687 3023 958 3060 HAERANES
981 3018 1202 3076 (Αἱράνης),
1235 3013 1480 3064 Odaenathi
1501 3019 1627 3075 filius,
1657 3021 1678 3063 ὁ
1710 3019 1982 3077 λαμπρότατος
2012 3034 2100 3078 συγ-

373 3084 571 3138 κλητικός,
603 3086 801 3142 princeps
823 3086 1179 3142 Palmyrenorum
1207 3088 1409 3146 (ἔξα[ρχος
1430 3088 1723 3145 Παλμυ]ρηνῶν
1752 3087 1927 3138 Graece,
1954 3094 2100 3144 ‘caput

373 3150 616 3207 Palmyrae’
662 3153 879 3209 Syriaee),
928 3162 1072 3198 statua
1116 3156 1352 3199 honoratus
1393 3156 1623 3213 Palmyrae
1668 3172 1694 3198 a
1736 3156 1871 3198 milite
1911 3155 2099 3212 quodam

377 3218 559 3273 legionis
601 3221 751 3263 tertiae
788 3221 1076 3279 Cyrenaicae,
1118 3240 1156 3268 a.
1194 3226 1273 3268 251
1317 3240 1464 3267 mense
1504 3225 1599 3269 Oet.
1640 3228 1668 3269 t.
1709 3224 1991 3278 Palmyrenus
2028 3237 2097 3278 ap·

375 3286 660 3341 Waddinyton
698 3302 740 3330 n.
772 3284 898 3332 2600
918 3305 1009 3333 eum
1047 3293 1234 3334 versione
1265 3293 1451 3347 Syriaca
1481 3307 1549 3348 ap.
1582 3292 1631 3336 de
1662 3292 1802 3347 Voqae'
1826 3306 1868 3334 n.
1894 3295 1958 3335 22
1986 3292 2097 3347 (oum

374 3354 471 3397 add.
490 3369 538 3408 p.
560 3355 673 3400 153).
712 3356 877 3399 Filium
896 3359 1027 3411 fuisse
1040 3363 1169 3413 putat
1190 3360 1475 3415 Waddinyton
1497 3361 1695 3415 Septimii
1720 3359 1960 3403 Odaenathi
1977 3360 2098 3413 infra
