2242 3672
282 282 539 319 STATILIVS
1139 271 1223 312 266
1855 277 2084 313 STATILIA

366 412 492 466 filius,
525 412 643 452 cuius
669 409 782 450 servi
814 407 882 450 VI
901 410 1030 450 6229.
1062 408 1184 450 6257.
1217 408 1340 448 6382.
1400 404 1524 447 Filia
1553 405 1679 448 huius
1706 409 1753 448 ut
1776 409 1883 461 puto
1905 407 2086 451 Statum

367 479 620 523 Messallina
651 476 721 530 (ef.
753 476 874 529 infra
902 476 978 517 sub
1009 474 1119 528 hae).

280 549 362 591 619
393 554 435 590 Τ.
469 552 722 589 STATILIVS
754 550 947 586 TAVRVS
985 543 1034 585 Τ.
1067 542 1119 597 f.,
1162 544 1274 584 inter
1314 549 1519 599 patronos
1559 542 1721 584 ordinis
1764 545 1969 586 senatorii
1999 543 2083 587 col-

365 616 463 670 legii
496 614 718 656 cuiusdam
752 612 962 655 Ostiensis
985 611 1111 653 XIV
1123 614 1220 661 246,
1248 625 1361 652 anno
1387 612 1467 654 140
1489 610 1559 652 vel
1592 610 1735 667 paullo
1766 618 1863 668 post
1883 613 1955 667 (cf.
1977 627 2085 667 quae

366 684 570 726 adnotata
598 685 697 724 sunt
717 681 774 723 aol
792 680 917 722 XIV
927 683 1012 723 246
1033 694 1081 734 10.
1101 683 1166 722 44.
1197 679 1298 726 482)
1320 681 1376 722 ib.
1417 679 1677 722 Descendere
1697 681 1751 722 ab
1774 681 1834 723 eis
1862 682 1937 735 qui
1954 696 2086 736 prae-

365 752 512 793 cedunt
539 753 670 804 putat
703 749 939 791 Mommsen
979 747 1090 791 CIL.
1133 748 1201 790 VI
1223 763 1271 803 10.
1305 751 1398 799 995,
1428 751 1467 790 3.
1513 774 1559 778 —
1605 748 1685 791 Vix
1726 749 1783 791 ad
1820 749 1895 792 hos
1923 749 2086 793 nobiles

364 819 560 862 Statilios
592 819 756 861 Tauros
785 817 1004 872 pertinent
1032 817 1157 859 Titus
1191 816 1389 860 Statilius
1417 817 1590 859 Taurus
1621 817 1866 874 praefectus
1897 817 2082 870 fabrum,

364 887 604 943 praefectus
645 886 885 928 cohortium
926 886 1090 942 primae
1125 885 1350 940 Augustae
1380 886 1651 928 Ituraeorum
1693 892 1734 927 et
1771 892 1918 928 sextae
1948 886 2082 929 Thra·
2121 910 2134 930 t

363 971 471 1009 cum,
506 955 704 998 tribunus
735 954 916 1009 legionis
937 954 1075 996 XXII
1096 955 1387 1009 Primigeniae
1419 954 1517 1010 piae
1547 953 1687 995 fidelis
1707 953 1956 997 Brambach
1975 958 2085 998 1099

363 1024 690 1080 (Moyontiaei);
729 1023 922 1066 Statilius
962 1023 1134 1065 Taurus
1176 1024 1372 1065 centurio
1414 1022 1596 1078 legionis
1627 1023 1672 1064 II
1701 1023 1916 1065 Traianae
1946 1023 2083 1078 fortis,

362 1099 534 1135 curator
563 1091 749 1134 cohortis
778 1092 944 1148 primae
975 1090 1155 1133 Flaviae
1185 1090 1383 1144 Cilicum,
1417 1091 1498 1133 sub
1520 1090 1741 1133 Antonino
1766 1093 1843 1134 Pio
1863 1092 1953 1135 III
1973 1094 2086 1136 6025

362 1160 538 1216 (Syene).

278 1231 360 1272 620
392 1228 563 1272 Statilia
585 1228 774 1282 (Sattilia
792 1226 944 1278 Plinii,
979 1227 1117 1270 Sattia
1137 1228 1201 1270 vel
1221 1228 1420 1270 similiter
1441 1228 1625 1271 Senecae
1652 1229 1850 1284 codices),
1874 1244 1930 1272 ex
1949 1229 2085 1273 nobili

362 1297 487 1339 domo
526 1297 696 1351 femina,
741 1295 923 1339 Claudio
955 1297 1150 1352 principe
1182 1296 1324 1347 Plin.,
1356 1297 1468 1339 vixit
1498 1312 1633 1339 annos
1664 1298 1901 1352 nonaginta
1931 1312 2084 1341 novem

362 1366 523 1410 Seneca
543 1380 604 1420 ep.
629 1369 693 1415 77,
715 1369 786 1416 20,
819 1365 936 1406 Plin.
959 1364 1000 1406 h.
1020 1379 1061 1406 n.
1087 1368 1122 1415 7,
1145 1367 1250 1416 158;
1280 1371 1462 1407 aetatem
1492 1372 1768 1408 monumento
1799 1381 1876 1408 suo
1907 1366 2083 1410 inscribi

363 1435 486 1476 iussit
517 1434 633 1476 Plin.
666 1433 690 1476 l.
723 1448 756 1476 e.
809 1434 1009 1476 Sororem
1039 1433 1171 1487 fuisse
1199 1433 1263 1476 vel
1292 1433 1429 1489 filiam
1465 1434 1508 1476 T.
1537 1434 1708 1477 Statilii
1741 1435 1878 1477 Tauri
1905 1434 2086 1479 consulis

363 1518 403 1546 a.
434 1506 526 1544 717.
558 1505 643 1544 728
674 1502 850 1544 coniecit
878 1501 1026 1544 Fabia
1055 1515 1177 1544 revue
1209 1501 1258 1544 de
1280 1502 1390 1556 phil.
1422 1504 1531 1544 1895
1552 1517 1600 1556 p.
1622 1506 1725 1546 220.

276 1573 354 1614 621
390 1571 562 1614 Statilia
588 1571 745 1612 maior:
777 1571 870 1612 eius
901 1569 1059 1612 ancilla
1090 1569 1158 1612 VI
1182 1572 1292 1614 6325
1324 1571 1385 1625 (in
1416 1574 1677 1613 monumento
1707 1571 2007 1621 Statiliorum).

276 1641 357 1682 622
390 1638 561 1682 Statilia
598 1640 740 1681 minor
778 1639 979 1694 (fortasse
1017 1652 1138 1681 soror
1168 1639 1256 1681 eius
1291 1653 1396 1693 quae
1428 1639 1688 1696 praecedi&
1728 1641 1819 1683 eius
1850 1640 2087 1698 pedisequa

368 1708 436 1750 VI
449 1710 569 1758 9775,
595 1706 680 1749 alia
705 1706 872 1762 ancilla,
905 1706 982 1748 filii
1006 1706 1112 1759 (eius
1121 1706 1161 1764 ,9)
1183 1708 1334 1749 nutrix
1365 1708 1435 1762 (ef.
1458 1707 1584 1750 Felix
1606 1708 1803 1751 Statiliae
1823 1709 1852 1751 f.
1881 1708 1950 1765 VI
1962 1711 2084 1766 6454)

368 1776 435 1819 VI
455 1779 565 1819 6323
592 1775 655 1827 (in
683 1779 947 1818 monumento
977 1775 1279 1830 Statiliorurn).
1329 1775 1421 1818 Aut
1449 1776 1576 1818 huius
1605 1779 1681 1818 aut
1710 1777 1799 1819 eius
1828 1791 1934 1832 quae
1953 1791 2086 1832 prae-

362 1845 467 1887 eedit
489 1847 564 1886 aut
584 1845 734 1886 tertiae
749 1844 929 1886 alicuius
942 1847 1170 1899 praeterea
1184 1844 1354 1899 iynotae
1371 1844 1567 1898 Statiliae
1583 1844 1853 1901 dispensator
1874 1845 1943 1888 VI
1955 1849 2084 1898 6272,

362 1912 555 1956 Statiliae
595 1913 830 1969 pedisequa
866 1912 933 1955 VI
957 1916 1075 1963 6336,
1108 1912 1303 1956 Statiliae
1339 1914 1599 1955 sarcinatrix
1639 1913 1707 1956 VI
1735 1917 1852 1965 6351,
1888 1914 2086 1958 Statiliae

361 1981 637 2038 paedagogus
664 1981 847 2035 (nornine
869 1981 920 2023 Τ.
944 1980 1139 2024 Statilius
1161 1981 1331 2036 Zabda)
1353 1981 1421 2024 VI
1435 1984 1558 2032 6330,
1584 1981 1802 2024 Statiliaes
1831 1982 2086 2039 paedagoga

362 2050 544 2104 (nomine
575 2048 778 2104 [St]atilia
808 2049 858 2092 T.
889 2049 916 2092 l.
949 2049 1224 2105 Tyran(n)is)
1256 2049 1325 2092 VI
1347 2053 1466 2092 6331.

278 2120 360 2201 623
393 2118 662 2172 (STATILIA)
694 2123 972 2160 GORNELIA:
1007 2118 1133 2160 huius
1161 2121 1210 2160 ut
1237 2118 1401 2161 videtur
1432 2117 1683 2161 Corneliaes
1712 2120 1825 2161 servi
1863 2119 1933 2162 VI
1954 2122 2083 2164 6322.

361 2190 480 2236 6371,
513 2185 762 2228 Corneliaes
792 2186 950 2229 liberta
981 2186 1050 2229 VI
1072 2190 1195 2238 6424,
1229 2186 1425 2230 Statilius
1457 2187 1653 2229 Phileios
1684 2187 1933 2230 Corneliaes
1964 2188 2084 2232 cubi-

360 2255 547 2297 cularius
579 2254 647 2296 VI
670 2258 780 2298 6264
820 2255 955 2309 (tituli
989 2270 1077 2310 rep.
1109 2256 1154 2297 in
1194 2241 1456 2298 monumento
1488 2256 1790 2311 Statiliorurn).
1824 2281 1878 2287 —
1917 2257 2084 2300 Eadem

359 2323 540 2376 fortasse
581 2321 784 2379 Κορνηλια
825 2323 1014 2367 Σεισέννα
1056 2323 1289 2379 [Στατιλίου]
1333 2323 1488 2381 Ταύρου
1529 2324 1703 2380 (scilicet
1740 2326 1933 2383 θυγάτηρ,
1973 2324 2087 2380 quod

361 2392 555 2434 omissum
595 2404 680 2434 esse
710 2391 867 2446 potes&
908 2398 1051 2434 statua
1091 2392 1302 2435 honorata
1331 2392 1533 2448 Thespiis
1563 2392 1700 2435 Inser.
1730 2392 1884 2436 Graec.
1913 2397 2016 2449 sept.
2047 2394 2082 2437 I

362 2461 469 2502 1854
499 2460 562 2514 (ut
590 2460 684 2514 filia
713 2461 846 2514 fuerit
866 2460 1073 2504 Sisennae
1095 2460 1265 2504 Statilii
1299 2461 1434 2504 Tauri
1462 2461 1645 2503 consulis
1674 2475 1713 2503 a.
1735 2465 1812 2513 16,·
1830 2476 1917 2517 pro
1939 2476 2084 2506 sorore

362 2528 460 2577 eius,
491 2527 676 2569 nondum
697 2529 861 2583 eoqnito
882 2532 909 2573 l.
938 2529 1197 2584 Thespiensi,
1218 2530 1369 2572 habuit
1391 2530 1588 2572 Momms.
1614 2530 1726 2574 CIL.
1757 2530 1826 2573 VI
1836 2545 1884 2585 p.
1900 2533 1993 2582 995,
2017 2534 2084 2588 7);

361 2595 447 2636 nisi
484 2596 593 2647 forte
632 2596 677 2638 in
717 2600 745 2639 t.
792 2597 1039 2652 Thespiensi
1072 2599 1220 2641 uxoris
1258 2598 1505 2641 vocabulum
1548 2598 1824 2653 supplendum
1866 2602 1928 2642 est
1968 2613 2082 2642 more

359 2663 528 2713 Latino,
558 2667 606 2705 ul
633 2663 833 2707 Cornelia
861 2680 970 2708 uxor
999 2667 1131 2720 fuerit
1160 2666 1364 2710 Sisennae
1398 2667 1543 2717 Tauri,
1576 2667 1631 2721 ef.
1661 2680 1794 2721 supra
1821 2680 1864 2710 n.
1892 2671 1975 2710 613
2002 2668 2077 2723 fin.

277 2731 360 2772 624
391 2730 559 2773 Statilia
579 2732 793 2775 Maxima:
826 2735 918 2776 eius
939 2734 1053 2777 horti
1074 2741 1369 2778 memorantur
1389 2750 1502 2777 anno
1527 2736 1607 2778 136
1634 2735 1702 2777 VI
1715 2738 1869 2779 10242.
1908 2735 2082 2779 Videtur

360 2798 490 2851 fuisse
519 2798 679 2851 femina
707 2801 873 2845 nobilis,

276 2867 358 2908 625
391 2872 622 2907 STATILIA
652 2874 972 2911 MESSALLINA
1001 2885 1112 2913 uxor
1142 2872 1328 2914 Neronis
1359 2873 1506 2926 tertia,
1549 2872 1683 2915 Tauri
1714 2873 1782 2915 bis
1812 2872 1999 2916 consulis
2029 2888 2080 2916 ac

362 2934 628 2989 triumphalis
669 2936 734 2989 (T.
777 2937 945 2980 Statilii
990 2940 1126 2982 Tauri
1164 2941 1346 2983 consulis
1385 2955 1425 2982 a.
1454 2943 1549 2985 717.
1582 2943 1682 2996 728)
1723 2941 1921 2998 abneptis
1961 2941 2077 2986 Suet.

364 3001 465 3043 Ner.
496 3004 561 3046 35.
614 3002 779 3045 Filiam
807 3006 937 3059 fuisse
973 3008 1109 3049 Tauri
1139 3008 1308 3051 Statilii
1336 3008 1510 3052 Corvini
1538 3009 1595 3064 (n.
1625 3011 1722 3064 595)
1754 3009 1936 3052 consulis
1965 3024 2006 3053 a.
2025 3013 2080 3053 45

358 3069 505 3122 posuit
534 3069 791 3124 Boryhesius
819 3087 910 3127 opp.
933 3076 971 3125 5,
993 3078 1087 3118 529.
1119 3079 1158 3127 8,
1182 3080 1274 3131 137,
1297 3080 1530 3132 propterea
1549 3080 1658 3131 puto
1687 3077 1800 3131 quod
1826 3077 1894 3120 hic
1924 3078 2080 3121 dieitur

363 3137 593 3181 Messallae
633 3141 817 3182 oratoris
855 3155 982 3195 nepos
1022 3144 1154 3198 (Suet.
1193 3145 1260 3189 Ol.
1291 3145 1376 3199 13),
1425 3149 1464 3188 et
1502 3145 1599 3188 inde
1637 3146 1683 3188 in
1721 3145 1817 3200 filia
1855 3156 2078 3200 eoqnomen

362 3205 639 3247 Messallinae
669 3207 924 3261 explicatum·
954 3211 1027 3252 sed
1055 3213 1181 3254 etiam
1212 3214 1349 3266 frater
1378 3212 1559 3264 Corvini,
1597 3213 1643 3256 T.
1675 3213 1877 3257 Statilius
1912 3213 2079 3256 Taurus

362 3272 420 3323 (n.
451 3273 548 3327 618)
589 3275 732 3316 consul
772 3290 811 3317 a.
842 3280 894 3318 44
926 3278 1159 3322 Messallae
1200 3282 1384 3323 oratoris
1417 3295 1546 3336 nepos
1580 3282 1709 3335 fuisse
1741 3281 1961 3336 putandus
1995 3285 2079 3334 est,·

362 3341 446 3394 fuit
472 3344 610 3383 autern
641 3343 807 3385 omnino
834 3358 918 3386 non
950 3348 1120 3389 Corvini
1148 3349 1255 3402 filia,
1295 3350 1369 3392 sed
1404 3350 1548 3400 Tauri,
1587 3351 1626 3391 si
1653 3363 1746 3391 vere
1775 3349 1876 3392 haee
1906 3348 2078 3393 Statilia
