2242 3672
321 248 459 285 VIBIA
1181 239 1264 281 430
1984 244 2124 280 VIBIA

406 380 554 435 (supra
576 393 617 421 n.
639 380 736 432 411)
763 377 928 419 videtur
957 375 1139 418 traxisse
1168 374 1317 416 Vibiae
1344 387 1494 416 nomen
1524 373 1801 428 (yentilieium
1830 374 2012 427 fortasse
2042 374 2128 428 fuit

409 448 530 490 VIII
541 451 622 489 799
643 447 695 500 ef.
716 448 869 494 12266,
901 443 976 486 sed
986 442 1150 497 periiD.
1177 467 1233 473 —
1254 441 1417 485 Sabina
1436 442 1507 484 vit.
1531 441 1674 485 Hadr.
1695 445 1735 497 1,
1755 445 1799 485 2.
1832 445 1898 493 11,
1919 445 1959 485 3.
1989 446 2063 493 23,
2085 446 2125 490 9,

407 516 548 559 Victor
567 516 663 569 epit.
693 518 759 564 14,
790 512 956 555 Dosith.
989 510 1123 565 (apud
1149 511 1333 564 reliquos
1361 511 1587 565 scriptores
1616 524 1765 553 nomen
1794 524 1880 553 non
1911 509 2125 565 oeewrrit),

404 584 582 633 nummi,
635 582 759 625 tituli.
809 606 860 612 —-
910 579 1088 635 (Iuliam
1138 579 1295 621 dietam
1345 579 1477 632 fuisse
1523 579 1623 621 olim
1659 581 1922 633 putaverunt
1969 577 2129 632 decepti

403 652 582 694 nummis
609 649 859 699 Goltzianis,
892 649 947 702 ef.
977 647 1139 690 Eckhel
1167 651 1205 698 6,
1236 650 1355 703 520.)

491 719 649 775 Nupsit
677 717 899 760 Hadriano
931 716 1138 769 (nondum
1170 717 1415 772 quaestorio
1446 723 1494 758 ut
1524 715 1715 771 videtur)
1745 717 1816 760 vit.
1843 715 1983 759 Hadr.
2008 717 2126 766 2,·10

405 789 458 841 ef.
480 787 567 829 Dio
588 790 653 837 69,
676 790 714 830 1.
760 785 869 829 Cum
894 785 1108 840 Septicius
1131 783 1287 827 Clarus
1317 773 1573 840 praefectus
1593 785 1809 841 praetorio
1832 791 1874 826 et
1894 783 2126 827 Suetonius

403 854 682 911 Tranquillus
713 854 768 896 ab
809 853 1004 909 epistulis
1043 852 1157 909 apud
1201 867 1294 894 eam
1337 852 1592 895 familiarius
1630 868 1675 894 se
1707 854 1895 908 egissent
1921 852 2052 906 (anno
2079 853 2128 894 ut

401 924 565 966 videtur
584 927 667 966 121
696 923 760 965 vel
790 925 889 972 122,
923 923 977 975 ef.
999 935 1133 975 supra
1160 922 1237 964 sub
1267 920 1313 966 C.
1336 921 1523 976 Septicio
1551 920 1715 975 Claro),
1746 921 2001 963 dimissurus
2030 934 2125 963 eam

404 999 495 1034 erat
516 992 777 1045 Hadrianus,
814 997 878 1033 ‘ut
891 1005 1109 1033 morosam
1137 997 1179 1032 et
1208 1005 1419 1047 asperam,
1453 997 1500 1033 ut
1529 992 1622 1047 ipse
1649 990 1832 1045 dicebat,
1865 990 1901 1032 si
1933 990 2126 1046 privatus

402 1061 568 1102 fuisset’
601 1061 672 1102 vit.
704 1059 845 1102 Hadr.
868 1063 933 1110 11,
956 1063 1008 1110 3;
1037 1060 1092 1113 ef.
1125 1059 1226 1101 Viet.
1255 1060 1352 1114 epit.
1376 1063 1440 1102 14.
1499 1058 1699 1114 Augusta
1728 1052 1945 1115 appellata
1975 1056 2125 1099 eodem

404 1136 594 1185 tempore
623 1144 708 1185 quo
741 1128 990 1170 Hadrianus
1022 1136 1147 1184 pater
1177 1128 1343 1184 patriae
1373 1128 1530 1171 Euseb.
1552 1127 1693 1170 chron.
1715 1127 1853 1182 (Arm.
1877 1126 1936 1169 ad
1955 1140 1997 1168 a.
2015 1128 2127 1170 2141

401 1218 453 1232 =
465 1212 512 1252 p.
532 1196 636 1240 Chr.
652 1200 745 1247 125,
767 1197 1010 1251 Hieronym.
1034 1196 1092 1239 ad
1112 1211 1152 1239 a.
1168 1200 1280 1240 2144
1297 1218 1347 1231 ==
1363 1211 1413 1251 p.
1437 1196 1536 1241 Chr.
1551 1199 1650 1247 128,
1673 1196 1785 1250 quod
1802 1195 1966 1238 videtur
1984 1207 2127 1237 verum

402 1279 498 1316 esse,
530 1265 672 1308 chron.
694 1265 847 1308 Paseh.
871 1264 930 1307 ad
947 1280 986 1309 a.
1007 1268 1105 1316 126,
1137 1265 1256 1308 Oros.
1280 1268 1317 1316 7,
1340 1268 1405 1315 13,
1427 1268 1476 1316 3,·
1497 1264 1718 1320 Syneellus
1729 1279 1778 1319 p.
1794 1263 1903 1318 659).
1951 1262 2129 1305 Nummi

400 1333 690 1376 Alexandrini
707 1334 795 1376 eius
815 1334 1026 1388 incipiunt
1046 1348 1157 1376 anno
1173 1333 1399 1376 Hadriani
1411 1333 1546 1376 XIII
1560 1332 1731 1385 (128l9),
1755 1334 1810 1387 ef.
1829 1331 1964 1376 Sallet
1982 1330 2127 1374 Daten

402 1402 439 1444 d.
463 1402 569 1445 alex.
593 1402 932 1445 Kaiserrnunzen
955 1417 1003 1456 p.
1025 1405 1092 1444 30.
1143 1402 1286 1444 Huius
1306 1401 1540 1457 Auyustae,
1565 1405 1614 1444 ut
1635 1401 1923 1456 probabiliter
1953 1399 2127 1443 coniecit

400 1469 670 1525 Boryhesius,
689 1471 864 1513 libertus
879 1471 930 1513 L.
943 1471 1099 1513 Vibius
1112 1470 1225 1526 Aug.
1242 1470 1316 1514 lib.
1333 1470 1500 1524 Florus,
1520 1478 1644 1527 pater
1656 1470 1885 1513 Vibiorum
1901 1467 2124 1512 Sabiniani
2140 1461 2143 1463 ¹

401 1538 909 1599 MatidianiMatidianae
929 1539 1112 1582 aliorum
1135 1539 1202 1582 VI
1210 1542 1351 1583 28804
1368 1540 1431 1594 (ut
1446 1538 1607 1582 Florus
1622 1539 1691 1581 hie
1713 1538 1858 1581 liberis
1879 1536 2126 1592 eoqnomina

400 1607 603 1650 indiderit
623 1622 651 1651 a
661 1609 894 1665 patronis).
925 1609 1035 1651 Item
1056 1622 1107 1650 ese
1127 1609 1216 1651 eius
1237 1608 1357 1651 domo
1388 1609 1572 1662 fortasse
1591 1608 1641 1650 L.
1663 1607 1820 1650 Vibius
1838 1605 2122 1659 Chai-imaus,

405 1675 645 1719 Callistiani
668 1676 782 1731 Aug.
813 1675 887 1720 lib.
912 1676 1136 1719 Sabiniani
1168 1676 1367 1719 alumnus
1399 1676 1467 1718 VI
1488 1678 1642 1719 28789.
1667 1702 1718 1707 -
1741 1675 1795 1718 A.
1818 1676 1899 1718 130
1920 1674 2121 1718 maritum

402 1745 630 1787 comitatur
660 1746 705 1787 in
727 1746 976 1802 Aegyptum
1005 1745 1167 1787 Kaibel
1187 1745 1317 1800 epiyr.
1347 1744 1425 1788 Gr.
1451 1759 1493 1789 n.
1515 1746 1610 1788 988.
1643 1747 1739 1788 992.
1785 1744 1999 1786 Memorat
2029 1756 2123 1785 eam

403 1814 582 1855 maritus
614 1815 658 1855 in
679 1813 926 1856 laudatione
947 1829 1095 1872 socrus
1114 1813 1240 1856 XIV
1251 1816 1359 1856 3579
1379 1827 1415 1856 v.
1435 1816 1474 1864 5,
1499 1820 1541 1856 et
1561 1815 1606 1855 in
1627 1802 1811 1870 epistula
1832 1812 1888 1855 ad
1909 1811 2122 1859 Plotinam

401 1881 616 1926 Hadrian.
642 1885 814 1925 sentent.
841 1886 881 1925 et
906 1882 1106 1937 epistolae
1125 1885 1179 1926 15
1200 1881 1287 1937 (ap.
1313 1882 1528 1937 Boeekiny
1552 1881 1749 1925 Dosithei
1777 1882 1993 1936 interpret.
2005 1894 2054 1935 p.
2070 1883 2125 1923 19

402 1970 455 1984 =
472 1964 583 2004 corp.
601 1952 682 1993 iur.
701 1952 896 1994 anteiust.
905 1966 954 2006 p.
965 1951 1084 2005 212).
1098 1978 1148 1982 —
1162 1952 1363 1994 Decessit
1381 1958 1482 1993 ‘non
1503 1952 1596 1993 sine
1616 1950 1764 1993 fabula
1779 1951 1935 1992 veneni
1956 1949 2046 1992 dati
2066 1947 2124 1991 ab

400 2019 638 2061 Hadriano’
671 2020 741 2061 vit.
773 2020 914 2062 Hadr.
938 2023 1026 2071 ⁴915
1049 2024 1075 2063 9
1107 2020 1246 2075 (‘dum
1287 2035 1423 2076 prope
1460 2019 1689 2062 servilibus
1720 2019 1890 2061 iniuriis
1921 2017 2120 2071 afficitur,

401 2087 455 2129 ad
497 2095 675 2129 mortem
715 2088 1006 2131 voluntariam
1042 2088 1278 2146 compulsa'
1312 2089 1455 2131 Victor
1485 2089 1582 2143 epit.
1612 2089 1696 2142 14),
1729 2102 1842 2130 anno
1874 2093 1922 2129 ut
1950 2085 2123 2128 videtur

402 2156 481 2198 136
511 2156 686 2211 (scilieet
715 2171 793 2211 quo
826 2160 1007 2211 tempore
1028 2157 1286 2200 Hadrianus
1313 2157 1565 2200 Servianum
1594 2157 1807 2210 interfecit
1835 2159 1874 2198 et
1901 2154 2120 2198 Ceionium

399 2222 667 2266 Commodum
697 2225 930 2279 adoptavit)
960 2227 1032 2268 vit.
1065 2226 1092 2268 l.
1124 2240 1157 2268 e.
1221 2225 1398 2268 Nummi
1433 2224 1724 2267 Alexandrini
1761 2225 1850 2266 eius
1888 2237 1973 2266 non
2004 2222 2123 2266 ultra
2167 2226 2170 2228 ’

399 2291 623 2334 Hadriani
662 2307 819 2336 annum
848 2294 942 2337 XX
970 2295 1123 2349 (135l6)
1151 2294 1407 2349 procedunt,
1449 2294 1503 2348 ef.
1536 2293 1675 2337 Sallet
1705 2293 1732 2335 Ζ.
1764 2307 1796 2336 e.
1828 2292 2122 2348 (supervixisse

399 2360 619 2415 adoptioni
656 2362 707 2404 L.
739 2362 903 2405 Ceionii
934 2362 1169 2414 Commodi,
1211 2364 1286 2417 qui
1323 2363 1488 2405 videtur
1519 2362 1744 2416 adoptatus
1783 2374 1870 2404 esse
1899 2374 2011 2403 anno
2042 2362 2123 2402 136

399 2432 589 2479 exeunte,
630 2444 730 2471 num
761 2431 906 2486 eolliyi
936 2432 1078 2486 possit
1105 2446 1156 2474 eze
1186 2432 1309 2475 VIII
1333 2434 1426 2482 799,
1460 2431 1567 2473 mihi
1595 2429 1797 2484 dubium).
1857 2429 2123 2472 Consecrata

398 2511 423 2537 a
452 2498 606 2539 marito
640 2498 706 2540 VI
730 2501 812 2541 984
844 2513 937 2542 eum
968 2500 1240 2543 adnotatione
1268 2500 1533 2542 Mommseni.
1588 2499 1707 2540 Diva
1746 2497 1909 2541 Sabina
1939 2496 2007 2540 VI
2026 2499 2119 2540 984.

403 2564 526 2607 VIII
547 2568 674 2608 8929.
716 2566 839 2609 VIII
859 2567 903 2612 S.
935 2571 1075 2610 17847
1098 2571 1171 2610 eet.

314 2645 395 2685 415
426 2644 557 2686 Vibia
579 2645 727 2688 Salvia
747 2647 893 2701 Varia,
926 2648 976 2692 L.
1001 2648 1042 2703 f.‚
1076 2657 1212 2691 mater
1241 2648 1433 2691 Nummii
1461 2646 1611 2690 Albini
1642 2653 1684 2689 et
1709 2646 1939 2688 Nummiae
1959 2645 2120 2688 Variae

399 2719 440 2754 et
471 2714 520 2754 L.
553 2714 695 2755 Roscii
727 2714 898 2757 Aeliani
931 2716 1080 2758 Paculi
1113 2716 1250 2759 Salvii
1281 2715 1438 2759 Iuliani
1479 2719 1611 2769 (uxor
1652 2716 1783 2770 igitur
1812 2714 2002 2757 Nummii
2041 2713 2117 2756 ali-

399 2782 545 2832 cuius,
591 2781 746 2824 deinde
792 2784 936 2826 Roscii
981 2784 1171 2839 Aeliani)
1223 2784 1264 2827 V
1290 2787 1409 2827 4353.
1486 2784 1663 2826 Brixiae
1710 2782 1857 2825 titulos
1900 2782 2120 2825 dedicavit

398 2849 645 2891 Postumiae
676 2851 855 2893 Paullae
884 2853 1074 2895 Iuventii
1106 2852 1297 2896 Secundi
1329 2851 1519 2894 consulis
1550 2853 1675 2894 uxori
1708 2851 1880 2894 V4353.
1911 2853 2030 2895 4354.

313 2929 394 2969 416
426 2935 561 2970 VIBIA
593 2936 650 2971 SE
670 2963 679 2972 .
699 2963 708 2972 .
728 2963 764 2984 .,
807 2931 1044 2975 clarissima
1082 2932 1263 2987 femina,
1306 2939 1443 2974 mater
1483 2932 1535 2977 L.
1567 2932 1701 2974 Annii
1736 2930 1852 2973 Tulli
1892 2930 2116 2972 clarissimi

397 2998 531 3052 pueri,
564 2997 703 3052 Longi
735 3014 845 3041 uxor
876 3003 902 3043 t.
935 3001 1200 3044 Arelatensis
1229 3001 1336 3044 XII
1356 3004 1475 3044 5804.

314 3076 394 3116 417
426 3075 557 3119 Vibia
587 3077 749 3120 Severa
781 3079 1031 3131 Claudiana,
1065 3083 1269 3137 privigna
1298 3081 1519 3124 Domitiae
1549 3081 1826 3122 Domitianae
1853 3078 2116 3121 clarissimae

398 3144 595 3198 feminae,
627 3146 717 3188 filia
748 3147 865 3190 Vibii
899 3149 1141 3191 Cominiani
1172 3149 1338 3192 Valerii
1369 3150 1438 3193 Pii
1468 3149 1649 3192 V5228.

313 3223 395 3264 418
426 3224 555 3266 Vibia
584 3225 767 3279 Thisbe,
801 3242 912 3269 uxor
941 3229 999 3270 M.
1031 3229 1151 3285 Ulpii
1183 3230 1356 3272 Vernae
1386 3229 1499 3284 Aug.
1532 3228 1605 3272 lib.
1637 3227 1692 3270 ab
1723 3225 1917 3284 epistulis
1947 3227 2115 3269 Latinis

398 3291 476 3332 XI
498 3295 614 3335 1434.
