2242 3672
184 229 551 268 SCRIBONIANVS
1052 228 1134 271 183
1704 233 2000 272 SCRIBONIVS

185 365 270 408 205
301 368 667 407 SCRIBONIANVS
690 369 1004 409 CAMERINVS:
1029 366 1159 420 (anno
1181 381 1222 423 p.
1239 366 1342 410 Chr.
1363 366 1437 421 69)
1459 381 1612 409 servus
1632 366 1810 424 quidam
1830 367 2004 409 nomine

274 433 399 488 Geta,
424 431 758 475 Scribonianum
787 447 832 474 se
864 433 1143 477 Camerinum
1174 450 1267 478 esse
1293 435 1489 490 dicebat3
1520 435 1867 478 Neronianorum
1899 442 2003 478 tem-

270 515 424 559 porum
453 506 572 543 metu
592 501 635 542 in
658 500 826 542 Histria
855 500 1047 554 latuisse,
1074 504 1208 560 ‘quod
1239 504 1327 547 illic
1358 504 1584 547 clientelae
1615 511 1658 547 et
1688 506 1782 561 agri
1808 511 2004 547 veterum

275 569 557 622 Crassorum,
597 583 648 611 ac
676 570 862 611 nominis
890 570 1015 613 favor
1043 573 1280 628 manebat‘3
1315 575 1486 631 iamque
1516 573 1725 630 populum
1756 580 1799 616 et
1817 572 2007 615 militum

273 637 502 680 nonnullos
543 636 814 689 concitabat3
855 637 994 681 donec
1033 641 1088 683 ad
1118 641 1346 684 Vitellium
1387 642 1622 699 perductus
1662 649 1705 685 et
1746 643 1911 684 occisus
1943 648 2008 684 est

277 706 374 750 Tac.
395 706 437 750 h.
458 709 502 758 2,
527 710 594 750 72.
640 705 838 761 Apparet
868 707 1200 752 Scribonianum
1229 710 1501 754 Camerinum
1530 712 1664 765 fuisse
1690 726 1711 754 e
1742 711 1908 755 Crassis
1938 711 2010 766 qui

272 775 511 830 floruerunt
551 779 733 830 tempore
773 774 951 819 Claudii
991 781 1030 820 et
1062 778 1272 830 Neronis‚·
1309 780 1448 835 filium
1478 795 1570 823 eum
1597 781 1730 835 fuisse
1760 780 2010 823 crediderim

273 845 336 889 M.
373 845 537 887 Licinii
572 844 723 888 Crassi
750 844 894 900 Fruyi
932 847 1116 890 consulis
1152 862 1191 892 a.
1223 852 1275 891 64
1317 847 1467 903 (supra
1504 850 1545 891 L
1573 852 1670 906 131)
1711 853 1751 892 et
1790 849 2010 904 Sulpiciae

272 913 581 957 Praetextatae
602 913 878 969 (Camerinus
899 914 1190 970 Sulpiciorum
1210 931 1434 972 coynomen
1462 918 1552 973 est),
1586 919 1719 961 occiso
1739 922 1871 973 patre
1900 918 2012 961 inter

275 996 410 1026 annos
439 986 494 1026 66
523 986 563 1026 et
591 985 646 1025 68
684 986 761 1026 aut
798 984 938 1039 ipsum
978 998 1137 1039 quoque
1177 986 1358 1028 occisum
1397 990 1472 1029 aut
1509 990 1716 1030 extorrem
1747 987 1904 1043 (itaque
1935 985 2010 1029 ad-

275 1051 435 1095 dendus
463 1053 677 1095 stemmati
704 1052 816 1107 quod
836 1054 1138 1108 proposuimus
1168 1068 1301 1109 supra
1329 1056 1369 1098 L
1397 1056 1510 1109 130).

202 1145 261 1151 —
301 1127 347 1163 L.
378 1126 666 1164 ARRVNTIVS
709 1127 962 1164 CAMILLVS
1005 1128 1370 1167 SCRIBONIANVS
1411 1125 1496 1167 sive
1536 1131 1715 1167 FVRIVS
1758 1130 2010 1167 CAMILLVS

277 1195 658 1233 SCRIBONIANVS.

204 1283 263 1289 —
306 1265 352 1302 L.
386 1258 705 1314 [A]RRVNT1vs
737 1265 1117 1303 soalssoniANVS.

204 1352 263 1358 --
306 1333 488 1370 FVRIVS
521 1334 902 1371 SCRIBONIANVS.

204 1421 262 1427 —
306 1397 563 1452 (LICINIVS)
596 1403 811 1440 CRASSVS
845 1404 1226 1447 SCRIBONIANVS.

191 1466 274 1509 206
306 1465 584 1518 Scribonius,
633 1474 783 1509 contra
826 1466 1078 1510 Asandrum
1127 1482 1276 1523 regem
1320 1469 1505 1524 Bospori
1557 1468 1785 1512 rebellavit
1833 1468 2013 1512 Lucian.

278 1536 465 1578 macrob.
498 1549 532 1580 c.
562 1539 618 1578 17
630 1549 643 1588 ;
682 1535 883 1579 Asandro
922 1543 1114 1591 mortuo,
1159 1552 1182 1579 e
1223 1538 1358 1594 stirpe
1392 1537 1659 1580 Mithridatis
1696 1538 1931 1594 Eupatoris
1971 1552 2017 1579 se

279 1603 444 1660 ferens,
491 1604 677 1661 Bospori
722 1618 857 1660 regno
903 1607 1066 1662 potitus
1112 1613 1178 1649 est
1223 1613 1265 1648 et
1298 1606 1524 1662 Dynamin
1563 1607 1780 1662 reginam,
1826 1605 2015 1649 Asandri

282 1687 475 1729 uxorem,
508 1674 554 1715 in
575 1674 898 1716 matrimonium
921 1674 1003 1717 sibi
1027 1676 1192 1730 iunxitz,
1223 1674 1369 1732 paullo
1392 1681 1501 1731 post,
1530 1691 1628 1717 cum
1649 1675 1848 1732 Agrippa
1869 1681 2019 1717 contra

282 1757 380 1784 eum
399 1743 590 1785 mitteret
612 1742 902 1798 Polemonem,
927 1759 952 1786 a
974 1745 1238 1801 Bosporanis
1262 1745 1427 1786 occisus
1452 1745 1509 1798 (a.
1527 1761 1568 1787 u.
1587 1760 1623 1787 c.
1645 1745 1745 1798 740)
1761 1744 1850 1787 Dio
1865 1747 1931 1795 54,
1947 1747 2017 1798 24,

195 1811 278 1854 207
312 1811 569 1856 Scribonius
589 1811 893 1869 Aphrodisius,
925 1815 1259 1868 grammaticus3
1295 1813 1470 1856 ‘Orbilii
1502 1829 1655 1856 servus
1686 1828 1737 1855 ac
1768 1812 2018 1869 discipulus,

281 1895 383 1922 mox
423 1895 449 1923 a
489 1880 721 1924 Scribonia
766 1881 947 1924 Libonis
989 1882 1101 1937 filia,
1156 1897 1268 1939 quae
1314 1883 1433 1939 prior
1472 1881 1662 1937 Augusti
1708 1897 1821 1924 uxor
1865 1881 2020 1923 fuerat.

284 1949 534 2006 redemptus
566 1956 609 1992 et
642 1952 945 2006 manumissus,
978 1951 1127 1994 docuit
1157 1966 1242 2008 quo
1275 1951 1457 1994 Verrius
1489 1958 1694 2008 tempore,
1739 1952 1861 1993 cuius
1893 1951 2019 1992 etiam

281 2018 403 2061 libris
434 2018 489 2061 de
521 2019 830 2076 orthographia
859 2021 1095 2077 rescripsit²
1123 2021 1239 2065 Suet.
1270 2020 1463 2063 Gramm.
1486 2023 1552 2063 19.

198 2088 281 2131 208
314 2087 567 2131 Scribonius
611 2088 794 2143 Laetus,
842 2090 1006 2131 amicus
1054 2089 1250 2145 Apuleii,
1299 2090 1423 2131 cuius
1468 2104 1625 2145 pueros
1670 2087 1742 2131 ille
1787 2087 1867 2130 sub
1911 2087 2023 2130 fictis

282 2156 531 2199 nominibus
568 2156 748 2200 Charini
791 2164 833 2200 et
864 2157 1027 2200 Critiae
1067 2158 1268 2200 versibus
1309 2157 1546 2200 celebravit
1574 2157 1746 2212 Apulei.
1780 2156 1891 2211 apol.
1924 2159 1965 2202 8.
1997 2159 2023 2200 9

285 2225 365 2281 (II
372 2240 421 2280 p.
442 2228 526 2268 398
556 2226 619 2269 ed.
650 2226 786 2281 Oud).

200 2295 283 2337 209
317 2294 571 2338 Scribonius
602 2295 774 2350 Largus
807 2295 906 2347 (duo
936 2296 1112 2338 nomina
1141 2295 1313 2349 fuerunt
1341 2296 1431 2338 sine
1462 2294 1589 2338 dubio
1619 2295 1666 2337 in
1697 2294 1836 2337 codice
1867 2307 1917 2337 ex
1944 2307 2024 2348 quo

281 2363 449 2406 libellus
479 2364 615 2406 editus
646 2368 717 2415 est,
761 2368 800 2406 ct
835 2367 981 2407 extant
1002 2365 1170 2419 passim
1202 2379 1272 2419 ap.
1306 2364 1530 2414 Galenum,
1571 2364 1646 2417 qui
1673 2377 1776 2405 raro
1808 2363 2027 2406 Scribonii

281 2432 345 2475 vel
364 2433 504 2488 Largi
523 2436 689 2475 tantum
707 2434 875 2475 nomine
894 2433 1047 2489 utitur)
1080 2433 1284 2484 medicus,
1308 2434 1383 2489 qui
1416 2433 1590 2489 scripsit
1619 2431 1812 2474 libellum
1834 2431 1888 2473 de
1910 2446 2023 2474 com-

284 2502 570 2557 positionibus
605 2501 1021 2544 medicamentorum
1056 2502 1131 2558 qui
1173 2508 1293 2543 extat
1331 2501 1486 2554 (nescio
1526 2504 1669 2543 utrum
1700 2514 1750 2542 ea·
1779 2499 1855 2542 hoc
1886 2499 2026 2542 libello

287 2585 343 2613 an
378 2570 550 2613 aliunde
588 2571 751 2613 noverit
785 2570 975 2613 Galenus
1009 2570 1317 2614 medicamenta
1348 2571 1568 2614 Scribonii
1606 2570 1745 2624 Laryi
1781 2583 1888 2623 quae
1922 2569 2028 2611 citat

282 2640 328 2682 in
360 2639 483 2682 libris
514 2639 564 2682 de
594 2640 893 2694 compositione
922 2639 1324 2683 medicamentorum
1353 2653 1432 2684 sec.
1466 2639 1578 2682 locos
1608 2639 1679 2681 lib.
1701 2641 1741 2680 3.
1771 2642 1810 2683 4.
1843 2641 1881 2682 7.
1906 2641 1945 2691 9,
1978 2637 2027 2680 de

287 2723 419 2762 comp.
459 2708 606 2750 medic.
649 2721 727 2750 sec.
766 2723 924 2763 yenera
963 2708 1035 2751 lib.
1067 2712 1106 2752 4.
1137 2711 1176 2752 5.
1207 2712 1246 2760 6,
1285 2708 1445 2752 Galeni
1485 2723 1578 2763 opp.
1618 2707 1680 2752 ed.
1723 2706 1880 2749 Kuelm
1919 2706 2028 2749 XII

297 2792 345 2832 p.
380 2780 474 2819 683.
508 2779 605 2820 738.
637 2780 716 2819 764
745 2777 823 2832 [cf.
857 2777 995 2820 Scrib.
1027 2779 1160 2833 Lar9.
1195 2792 1228 2820 c.
1260 2777 1352 2833 27].
1386 2781 1478 2829 774,
1520 2777 1655 2820 XIII
1678 2791 1726 2831 p.
1758 2779 1825 2820 51.
1862 2778 1928 2821 67.
1960 2778 2028 2818 98.

289 2849 356 2890 99.
396 2848 484 2889 280
524 2845 602 2900 [cf.
646 2845 784 2890 Scrib.
826 2847 960 2902 Lao-9.
998 2861 1031 2889 ε.
1070 2846 1185 2902 122]
1227 2850 1325 2891 284.
1367 2851 1461 2890 314.
1506 2850 1596 2889 737.
1637 2848 1737 2889 828.
1780 2847 1872 2888 930.
1913 2843 2028 2898 938),

292 2921 467 2970 rogatus
498 2930 524 2956 a
554 2914 603 2958 C.
636 2914 745 2957 Iulio
778 2914 958 2958 Callisto
988 2915 1145 2958 liberto
1178 2915 1376 2959 Caesaris
1406 2916 1496 2970 ipse
1525 2916 1571 2958 in
1592 2914 1869 2969 praefatione
1900 2912 2034 2955 libelli

293 2982 359 3039 (p.
380 2986 408 3026 5
438 2983 500 3026 ed.
525 2983 798 3038 Helmreich),
832 2985 903 3025 cui
935 2985 1065 3026 etiam
1095 2984 1315 3027 dedicavit
1345 2983 1540 3027 libellum
1571 2984 1628 3026 ib.
1656 2984 1710 3037 cf.
1733 2985 1825 3025 151.
1847 2985 1932 3025 271
1955 2981 2030 3036 fin.

298 3052 482 3108 Scripsit
511 3059 607 3108 post
633 3051 806 3095 Claudii
828 3067 851 3094 e
871 3053 1100 3095 Britannia
1129 3053 1330 3107 reditum,
1362 3054 1388 3096 i.
1412 3068 1448 3096 e.
1479 3059 1578 3109 post
1606 3067 1642 3094 a.
1665 3052 1721 3094 43
1752 3065 1786 3094 c.
1807 3053 1898 3100 163,
1930 3050 2033 3091 viva

296 3127 340 3162 et
368 3119 550 3163 florente
581 3119 842 3175 Messallina,
878 3121 904 3163 i.
936 3135 971 3162 e.
1004 3130 1104 3164 ante
1132 3136 1267 3164 mens.
1300 3121 1395 3165 Oct.
1427 3122 1482 3164 48
1514 3135 1548 3163 c.
1579 3124 1657 3172 60;
1687 3120 1859 3175 scripsit
1888 3125 2032 3161 autem

224 3189 227 3191 ’
296 3187 489 3231 libellum
515 3202 697 3245 peregre
717 3190 976 3232 constitutus
1000 3190 1145 3244 praef.
1168 3191 1242 3245 fin.
1266 3189 1332 3245 (p.
1355 3194 1381 3234 6
1401 3189 1599 3244 Helrnr).
1652 3189 1744 3231 Iam
1765 3195 1892 3230 antea
1912 3186 2032 3241 (alia)

299 3258 460 3314 scripta
490 3257 764 3300 medicinalia
795 3259 884 3300 eius
916 3258 1092 3302 Caesari
1124 3259 1350 3315 (Claudio)
1383 3259 1622 3301 tradiderat
1652 3256 1856 3300 Callistus
1886 3256 2032 3310 praef.

300 3325 328 3369 l.
350 3339 386 3370 c.
408 3324 641 3368 Claudium
663 3327 892 3369 comitatus
914 3333 1006 3368 erat
1027 3327 1070 3369 in
1092 3327 1364 3370 Britanniam
1395 3342 1427 3370 c.
1450 3330 1542 3370 163.
1588 3324 1839 3381 Discipulus
1860 3323 2034 3380 Apuleii
