2242 3672
288 273 539 310 TIGRANES
1150 261 1234 305 318
1839 270 2091 309 TIGRANES

293 407 372 448 149
401 407 623 460 Tigranes,
649 417 725 443 rex
746 400 976 442 Armeniae
998 399 1112 454 (IV).
1156 398 1410 454 Alexandri,
1436 399 1624 443 Herodis
1643 399 1734 455 filii,
1768 406 1811 444 et
1829 401 2091 460 Glaphyrae,

374 472 575 515 Archelai
606 471 719 524 regis
751 468 1057 524 Cappadocum
1090 466 1225 522 filiae,
1265 466 1402 522 filius3
1443 466 1580 510 frater
1618 468 1840 523 (incertum
1867 471 2009 514 maior
2036 485 2095 515 an

371 540 525 593 minor)
557 537 796 581 Alexandri
825 535 991 590 Ioseph.
1026 535 1118 578 bell.
1148 538 1186 586 1,
1208 538 1279 586 28,
1301 539 1340 586 1,
1373 539 1462 579 ant.
1482 538 1550 587 18,
1569 538 1609 587 5,
1631 540 1659 580 4
1687 537 1743 591 ef.
1773 541 1840 588 17,
1861 541 1901 589 1,
1922 542 1966 583 2.
2022 539 2092 595 Cf.

371 613 543 651 stemma
568 606 831 661 propositum
860 605 935 647 sub
967 618 1014 646 eo
1043 604 1118 658 qui
1137 605 1336 659 sequitur.
1383 604 1550 648 Nomen
1575 605 1775 661 Tiyranis
1795 607 1836 648 ei
1852 607 2094 662 impositum

370 678 532 720 indicat
570 675 710 717 aviam
749 674 837 716 eius
867 675 1096 727 praeterea
1124 673 1335 727 iynotam,
1374 672 1623 728 Glaphyrae
1650 677 1850 727 matrem,
1887 676 2096 720 Archelai

367 758 551 794 uxorem,
581 743 713 797 fuisse
743 756 794 784 ex
824 741 943 784 domo
973 742 1093 796 reyia
1121 741 1423 785 Armeniorum
1452 742 1707 798 (Mommsen
1737 744 1796 787 ad
1819 758 1929 788 mon.
1959 745 2091 802 Acyr.

370 813 430 855 ed.
452 816 483 856 2
503 827 551 866 p.
575 814 695 868 116);
729 818 800 852 ‘ex
831 811 949 865 regio
980 825 1141 865 genere
1162 809 1470 854 Armeniorum
1496 811 1719 855 oriundus'
1741 812 1962 868 Auqustus
1979 828 2090 858 mon.

366 881 525 935 Ancyr.
547 883 585 931 5,
607 883 672 924 31.
724 881 828 922 Post
857 879 1033 921 caedem
1063 880 1210 935 patris,
1243 886 1319 922 aut
1345 879 1446 922 huic
1476 886 1552 922 aut
1581 879 1705 924 fratri
1731 880 1787 923 ab
1806 881 1983 925 Herode
2007 897 2088 926 avo

365 950 577 1005 desponsa
602 948 821 991 Pherorae
851 947 960 1002 filia3
989 947 1104 1004 quod
1136 953 1279 990 tamen
1311 962 1414 990 mox
1434 949 1604 991 irritum
1624 949 1784 992 factum
1806 949 1972 1005 Ioseph.
1994 951 2088 997 bell.

363 1021 401 1068 1,
425 1020 495 1068 28,
517 1021 560 1060 2.
581 1021 619 1067 5,
653 1019 739 1059 ant.
770 1020 836 1066 17,
858 1019 896 1067 1,
913 1020 967 1059 2.
1021 1017 1126 1058 Post
1156 1016 1333 1059 caedem
1364 1016 1619 1060 Artavasdis
1650 1015 1801 1072 (supra
1828 1017 1873 1060 A
1901 1021 2000 1076 957)
2030 1019 2088 1063 ab

364 1086 562 1141 Augusto
591 1100 671 1127 rex
691 1084 911 1127 Armeniis
943 1084 1070 1127 datus
1095 1099 1205 1127 mon.
1226 1084 1387 1140 Aneyr.
1419 1085 1445 1128 l.
1477 1099 1538 1137 c.,·
1566 1100 1646 1128 rex
1665 1085 1900 1130 Armeniae
1921 1087 2087 1144 Ioseph.

363 1157 449 1196 ant.
480 1157 547 1205 18,
579 1156 618 1206 5,
647 1157 685 1208 4,
719 1154 772 1207 ef.
800 1153 893 1197 bell.
923 1157 967 1204 2,
998 1156 1064 1204 11,
1094 1156 1120 1196 6
1163 1153 1256 1209 (ubi
1294 1153 1343 1196 de
1380 1167 1540 1208 maana
1575 1153 1786 1197 Armenia
1825 1155 1900 1210 aqi
1935 1155 2088 1199 diserte

363 1222 546 1277 dicitur),
573 1222 796 1264 ‘Armenia
816 1222 1034 1278 quondam
1063 1223 1241 1278 potitus'
1271 1223 1368 1267 Tac.
1392 1237 1431 1267 a.
1453 1226 1492 1273 6,
1512 1226 1580 1266 40.
1629 1222 1726 1266 Rex
1745 1222 1977 1267 Armeniae
2004 1224 2090 1278 suit

362 1291 556 1333 extremis
585 1291 841 1345 temporibus
864 1290 1073 1345 Auyusti;
1101 1290 1267 1333 videtur
1298 1294 1438 1334 autem
1467 1305 1643 1346 reynum
1661 1306 1744 1346 per
1774 1292 1893 1335 breve
1922 1295 2087 1335 tantum

360 1363 518 1414 tempus
538 1360 727 1410 tenuisse,
751 1374 843 1402 oum
862 1361 1111 1403 mentionem
1131 1360 1220 1403 eius
1237 1374 1323 1403 non
1341 1360 1481 1415 faeiat
1506 1360 1604 1404 Tae.
1627 1375 1666 1405 a.
1687 1364 1731 1411 2,
1752 1364 1780 1404 4
1803 1361 1850 1404 in
1869 1363 2088 1416 conspectu

358 1442 502 1482 reyum
529 1427 778 1479 Armeniae,
801 1428 956 1483 pulsus
983 1428 1174 1472 videlieet
1200 1443 1228 1471 a
1257 1429 1443 1483 faotione
1473 1429 1682 1472 Parthica
1712 1428 1929 1482 (Momms.
1960 1429 1988 1474 l.
2019 1432 2086 1487 0.).

359 1496 411 1540 Α.
444 1497 498 1539 36
529 1497 691 1539 Romae
720 1497 956 1539 maiestatis
987 1503 1035 1539 ut
1063 1497 1238 1540 videtur
1267 1503 1515 1553 accusatus,
1557 1498 1612 1541 ad
1652 1505 1833 1542 mortem
1867 1505 1991 1542 actus
2020 1506 2086 1543 est
2122 1549 2133 1560 ·

364 1565 461 1607 Tae.
485 1579 524 1606 a.
546 1568 584 1615 6,
606 1569 673 1615 40,
706 1565 869 1620 Ioseph.
893 1568 981 1607 ant.
1001 1568 1066 1616 18,
1088 1568 1127 1616 5,
1148 1569 1175 1608 4
1200 1566 1296 1619 (ubi
1310 1566 1450 1608 minus
1471 1569 1668 1609 accurate
1686 1566 1843 1610 dieitur
1863 1569 2083 1627 βασιλεῦων

360 1632 587 1691 Ἀρμενίας).
608 1633 759 1676 Nullos
775 1633 934 1676 liberos
950 1633 1127 1690 reliquit
1141 1634 1307 1689 Ioseph.
1325 1634 1352 1677 l.
1371 1648 1404 1679 e.
1426 1634 1618 1677 Patruus
1633 1635 1722 1678 eius
1735 1636 1811 1690 qui
1821 1637 2080 1691 sequitur.—

357 1702 448 1744 Aut
475 1702 600 1744 huius
631 1706 705 1745 aut
735 1703 824 1745 eius
851 1703 924 1757 qui
951 1703 1139 1756 sequitur
1169 1703 1325 1746 liberta
1363 1702 1475 1746 Iulia
1504 1703 1707 1759 Tigranis
1746 1705 1862 1760 regis
1893 1703 1952 1761 [1.]
1981 1704 2082 1761 (pro

356 1771 381 1815 l.
414 1771 601 1814 traditur
630 1771 682 1825 f.3
714 1772 897 1813 correxit
923 1770 1176 1826 Mommsen)
1205 1771 1380 1814 Ammia
1407 1771 1489 1814 XI
1508 1775 1631 1815 3080.

276 1852 355 1892 150
385 1850 618 1905 Tigranes,
661 1866 740 1893 rex
778 1850 1011 1893 Armeniae
1041 1851 1134 1906 (V).
1201 1850 1443 1894 Alexandri
1482 1851 1618 1907 filius,
1659 1851 1924 1906 Alexandri,
1963 1855 2079 1910 regis

354 1919 541 1961 Herodis
576 1919 674 1974 filii,
718 1926 760 1962 et
790 1919 993 1962 Archelai
1025 1919 1334 1977 Cappadocum
1362 1921 1477 1976 regis
1506 1921 1621 1963 filiae
1650 1920 1916 1977 (Glaphyra)
1945 1936 2080 1979 nepos

353 1987 516 2042 Ioseph.
550 1992 636 2030 ant.
667 1991 733 2039 18,
771 1991 810 2039 5,
841 1992 880 2031 4.
953 1988 1281 2046 ‘Cappadocum
1326 2004 1382 2031 ex
1425 1989 1671 2044 nobilitate,
1717 1991 1832 2045 regis
1874 1989 2079 2034 Archelai

354 2062 501 2111 nepos‘
537 2056 633 2110 (scr.
664 2058 896 2113 pronepos)
932 2057 1030 2099 Tae.
1062 2071 1102 2100 a.
1130 2061 1196 2108 14,
1222 2061 1293 2102 26.
1350 2057 1419 2112 Cf.
1449 2062 1625 2101 stemma
1651 2058 1774 2112 infra
1793 2059 2076 2114 propositum.

439 2135 576 2178 Obses
597 2137 760 2178 Romae
790 2152 868 2194 per
897 2137 1056 2180 multos
1086 2153 1221 2180 annos
1247 2138 1346 2181 Tac.
1370 2138 1396 2181 l.
1419 2152 1453 2182 e.
1476 2141 1517 2181 et
1534 2141 1600 2190 15,
1621 2142 1661 2182 1.
1704 2138 1759 2182 A.
1781 2139 1837 2182 60
1857 2154 1884 2182 a
1904 2138 2078 2182 Nerone

352 2219 430 2246 rex
460 2204 678 2247 Armeniis
720 2206 847 2248 datus
882 2207 980 2250 Tac.
1009 2221 1049 2249 a.
1080 2210 1146 2257 14,
1177 2210 1256 2262 26,
1294 2207 1497 2262 Iosephus
1527 2207 1554 2250 l.
1585 2221 1619 2252 e.
1651 2208 1707 2262 ef.
1740 2207 1833 2251 bell.
1862 2210 1907 2260 2,
1937 2211 2004 2260 11,
2034 2211 2074 2260 6,

350 2272 604 2315 Adiabenen
636 2281 800 2328 vastat3
838 2275 995 2317 deinde
1034 2276 1126 2332 ipse
1151 2276 1475 2331 Tigranocertis
1505 2291 1531 2318 a
1560 2275 1734 2318 Parthis
1764 2283 1807 2318 et
1835 2275 2074 2320 Adiabenis

350 2340 583 2394 obsidetur,
615 2343 689 2385 sed
721 2343 869 2386 hostes
902 2343 1126 2400 propulsat
1164 2344 1262 2387 Tac.
1294 2358 1334 2389 a.
1365 2347 1430 2396 15,
1462 2346 1574 2396 1-5,
1615 2343 1704 2387 Dio
1734 2348 1804 2396 62,
1835 2348 1908 2389 20.
1966 2345 2074 2388 Mox

350 2424 496 2451 rumor
524 2412 668 2453 extitit
692 2411 859 2454 occulte
890 2419 1064 2468 pactum
1092 2413 1206 2455 inter
1236 2413 1420 2456 Parthos
1452 2419 1494 2455 et
1523 2414 1751 2468 Romanos,
1783 2419 1832 2456 ut
1861 2413 2073 2469 Tigranes

349 2476 558 2520 Armenia
579 2479 840 2533 abscederet,
869 2480 965 2523 Tae.
981 2494 1019 2524 a.
1032 2483 1096 2531 15,
1110 2483 1136 2522 6
1152 2479 1215 2532 (re
1234 2494 1335 2523 vera
1346 2480 1498 2535 paullo
1509 2484 1612 2536 post
1630 2481 1854 2535 Tiyranem
1863 2481 2074 2526 Armenia

349 2547 567 2588 excessisse
573 2551 697 2601 patet
711 2548 808 2590 inde
822 2549 934 2602 quod
946 2552 1099 2603 postea
1113 2563 1195 2591 non
1210 2551 1498 2605 memoratur).
1523 2551 1655 2592 Pater
1669 2548 1923 2605 Alexandri,
1943 2565 2071 2608 quem

350 2613 639 2669 Vespasianus
670 2618 857 2671 regionis
887 2617 1069 2659 alicuius
1100 2616 1279 2660 Ciliciae
1309 2617 1508 2672 regulum
1540 2619 1764 2660 constituit
1792 2618 1957 2673 Ioseph.
1981 2622 2068 2663 ant.

348 2683 413 2730 18,
438 2683 476 2732 5,
501 2686 540 2724 4.
565 2707 623 2713 ——
653 2684 841 2727 Stemma
870 2686 956 2739 fuit
984 2685 1084 2728 hoc:
1904 2684 1907 2686 ’

444 2782 613 2820 Herodes
655 2809 699 2821 ψ
746 2786 965 2823 Mariamme
1074 2786 1284 2824 Archelaus
1366 2812 1410 2825 v
1455 2790 1548 2836 reyis
1572 2790 1826 2826 Armeniorum
1848 2789 1927 2835 filia
1936 2791 1979 2836 (ἲ)

396 2838 461 2862 rex
486 2828 650 2865 Iudaeae
1012 2845 1077 2869 rex
1095 2833 1359 2881 Cappadociae

1068 2955 1180 3017 γ
1288 2925 1489 2973 Glaphyra
1513 2926 1562 2974 (G
1585 2928 1671 2971 109)

792 3047 981 3095 Tigranes
1003 3051 1050 3094 (T
1068 3054 1155 3097 149)
1223 3051 1442 3089 Alexander

1239 3100 1427 3191 Tiglianes
1449 3145 1498 3190 (T
1516 3145 1603 3189 150)

1218 3191 1438 3272 Alexainder
1460 3236 1509 3282 (A
1533 3237 1618 3280 362)

1144 3324 1185 3361 C.
1210 3282 1531 3374 IuliuslAg-rippa
1551 3329 1594 3372 (Ι
1610 3329 1682 3372 87).

566 2919 783 2957 Alexander
805 2924 854 2968 (A
875 2926 960 2969 361)
