2242 3672
158 229 159 232 ’
183 245 476 284 scnmomvs
1046 243 1129 286 185
1682 269 1687 274 -
1705 246 2003 284 scmssomvs

266 380 395 428 2502,
419 377 510 422 ord.
533 393 571 422 a.
591 378 645 420 16
666 393 767 420 cum
789 378 974 423 Sisenna
996 379 1166 423 Statilio
1185 379 1331 422 Tauro
1348 379 1467 433 fasti.
1501 378 1749 435 Septemvir
1769 378 2004 436 epulonum

264 446 391 490 XIV
410 449 540 490 2502.
599 446 686 489 Hic
724 447 888 490 videtur
926 462 1012 491 esse
1050 448 1191 503 frater
1233 448 1453 492 Scribonii
1480 448 1660 491 Libonis
1688 447 1829 491 Drusi
1866 448 2005 503 (infra

263 529 304 558 n.
335 518 451 572 214),
492 529 612 570 quem
640 519 846 558 memorat
881 517 977 559 Tac.
1006 532 1047 559 a.
1069 521 1111 568 2,
1134 521 1206 562 29.
1236 542 1287 547 -
1318 516 1525 560 Fortasse
1554 517 1680 560 buius
1709 517 1761 561 L.
1786 516 2007 561 Scribonii

265 585 445 627 Libonis
475 584 619 627 liberti
653 583 722 627 VI
743 587 903 629 26023.
934 588 1095 629 26029.

179 666 264 709 213
294 672 339 708 L.
363 663 674 719 SCRIBONIV[S
701 663 849 719 LIBO],
882 666 1078 721 quinque
1108 672 1358 708 curatorum
1388 667 1583 723 riparum
1615 672 1657 709 et
1686 665 1802 709 alvei
1828 665 2003 709 Tiberis

267 734 348 777 sub
376 733 559 777 Claudio
590 739 835 790 postremus
864 732 984 776 Bull.
1017 747 1180 777 comun.
1210 736 1324 777 1887
1338 749 1387 789 p.
1408 737 1505 780 306.

179 815 263 858 214
292 821 345 859 M.
378 819 672 856 SCRIBONIVS
703 818 820 856 LIBO
852 819 1046 856 DRVSVS
1079 813 1209 867 (Libo
1230 815 1404 857 Drusus
1436 830 1459 857 e
1488 814 1655 858 familia
1676 815 2003 859 Scriboniorum
2082 833 2087 838 ·

269 883 368 926 Tac.
384 896 424 924 a.
436 884 480 933 2,
496 885 559 926 27
576 882 631 936 cf.
643 885 704 925 32
723 888 793 924 ‘ne
814 883 911 938 quis
929 881 1185 925 Scribonius
1210 890 1545 937 cognomentum
1560 884 1698 926 Drusi
1721 883 2003 939 adsumeret'3

264 951 437 994 Drusus
458 950 572 994 Libo
599 950 701 994 Vell.
722 953 766 1002 2,
789 954 883 1002 130,
916 950 1081 994 Seneca
1102 965 1163 1005 ep.
1187 955 1253 1002 70,
1275 955 1344 1003 10,
1374 952 1435 997 Μ.
1458 952 1569 994 Libo
1591 953 1701 1007 fasti
1717 953 1983 997 Amiternini
1991 967 2004 1006 ;

262 1020 312 1062 L.
345 1019 598 1063 Scribonius
629 1019 742 1062 Libo
775 1019 892 1063 Suet.
930 1020 1021 1064 Tib.
1051 1023 1121 1071 25,
1153 1020 1243 1063 Dio
1271 1024 1339 1073 57,
1370 1024 1437 1073 15,
1467 1023 1543 1076 qui
1569 1022 1766 1065 videntur
1793 1023 1839 1066 in
1872 1038 2003 1078 prae-

261 1089 429 1132 nomine
449 1101 625 1139 errasse,
656 1089 696 1131 si
719 1102 813 1131 vere
834 1089 923 1132 eius
943 1090 1084 1143 frater
1103 1090 1189 1144 fuit
1209 1090 1260 1132 L.
1286 1090 1540 1134 Scribonius
1559 1092 1670 1135 Libo
1690 1091 1835 1134 consul
1856 1106 1897 1134 a.
1918 1093 2003 1148 16).

262 1157 498 1213 Borghesio
530 1155 642 1212 (opp.
663 1160 690 1201 5
712 1172 760 1212 p.
781 1160 884 1215 302)
915 1158 1056 1201 iudice
1085 1158 1203 1214 filius
1225 1159 1293 1201 M.
1314 1160 1433 1201 Livii
1453 1159 1592 1202 Drusi
1611 1161 1791 1203 Libonis
1819 1160 2004 1204 consulis

265 1241 306 1269 a.
324 1229 427 1278 739,·
448 1226 560 1280 quod
580 1229 691 1269 recte
709 1227 856 1270 reiecit
872 1227 1164 1270 Mommsenus
1185 1225 1292 1282 (eph.
1311 1242 1373 1283 ep.
1391 1232 1417 1270 1
1439 1243 1488 1283 p.
1510 1232 1591 1271 146
1615 1232 1701 1272 not.
1722 1228 1778 1283 1),
1802 1243 1895 1272 cum
1915 1233 2005 1272 tam

262 1296 352 1350 ‘chose
381 1309 509 1349 quam
537 1296 613 1349 qui
640 1296 799 1349 fratres
829 1296 919 1338 eius
947 1296 1143 1339 videntur
1172 1297 1305 1351 fuisse
1325 1298 1377 1339 L.
1401 1297 1655 1341 Scribonius
1676 1298 1786 1341 Libo
1817 1302 1857 1340 et
1887 1298 2003 1341 Scri-

265 1365 404 1415 bonia,
435 1378 521 1407 non
550 1365 669 1407 Isivii
696 1365 859 1419 fuerint
891 1365 966 1408 sed
994 1365 1226 1409 Scribonii.
1286 1366 1423 1409 Immo
1461 1366 1578 1421 filius
1618 1370 1678 1409 est
1706 1367 1759 1410 L.
1786 1366 2007 1410 Scribonii

263 1434 444 1476 Libonis
483 1433 685 1485 alicuius,
729 1448 859 1489 nepos
897 1435 949 1477 L.
988 1435 1210 1478 Scribonii
1247 1436 1428 1478 Libonis
1468 1436 1653 1478 consulis
1693 1450 1733 1479 a.
1763 1450 1805 1478 u.
1838 1450 1871 1478 c.
1905 1439 2003 1480 720.

264 1502 382 1546 Sane
411 1516 636 1558 coynomen
665 1502 806 1546 Drusi
832 1503 944 1546 unde
972 1505 1182 1559 acceperit
1209 1518 1295 1547 non
1326 1508 1491 1547 constat
1521 1504 1779 1557 (Mommsen
1801 1505 1827 1548 l.
1856 1519 1888 1549 c.
1911 1519 2004 1548 con-

260 1572 360 1614 iecit
397 1586 491 1614 eum
530 1571 722 1615 heredem
753 1585 837 1615 esse
875 1572 1117 1615 institutum
1157 1587 1185 1616 a
1225 1573 1393 1616 consule
1428 1574 1535 1616 anni
1575 1576 1655 1616 739
1696 1576 1735 1616 et
1766 1577 2000 1628 propterea

263 1641 353 1684 eius
384 1641 567 1684 alterum
597 1655 823 1696 coynomen
854 1641 1109 1697 adscivisse).
1158 1642 1308 1685 Amita
1339 1644 1378 1684 ei
1411 1642 1643 1686 Scribonia
1678 1643 1777 1685 Tac.
1801 1657 1841 1686 a.
1864 1647 1908 1695 2,
1929 1647 2000 1695 27,

264 1710 427 1754 Seneca
447 1725 509 1765 ep.
532 1714 598 1762 70,
620 1714 687 1761 10,
719 1725 865 1766 nempe
897 1712 1033 1754 amita
1051 1726 1222 1767 maqna,
1254 1725 1378 1755 soror
1401 1712 1472 1754 avi
1480 1725 1494 1764 ;
1525 1711 1773 1755 consobrini
1793 1711 2004 1756 Caesares

271 1779 372 1824 Tac.
405 1779 432 1823 l.
464 1793 512 1831 c.‚
543 1779 736 1835 intelleye
758 1780 971 1823 Nermiem
1001 1784 1042 1823 et
1069 1780 1262 1823 Drusum
1289 1780 1508 1832 Caesares,
1540 1782 1625 1835 qui,
1657 1784 1802 1835 utpote
1833 1781 2006 1824 oriundi

263 1863 293 1891 a
324 1848 557 1892 Scribonia
588 1849 724 1891 amita
754 1850 854 1900 eius,
874 1852 1112 1904 potuerunt
1131 1849 1222 1893 dici
1250 1850 1339 1893 eius
1369 1850 1624 1893 consobrini.
1649 1876 1701 1881 —-
1725 1850 2003 1907 Propinquus

263 1918 356 1960 eius
387 1918 437 1961 P.
469 1917 729 1975 (Sulpicius)
760 1917 990 1971 Quirinius
1027 1919 1127 1963 Tac.
1156 1934 1196 1962 a.
1217 1922 1261 1970 2,
1283 1922 1349 1962 30.
1385 1945 1438 1950 —
1467 1920 1667 1962 Proavus
1699 1919 1737 1961 ei
1769 1920 2003 1975 Pompeius

269 1987 367 2030 Tac.
390 2001 431 2030 a.
451 1990 494 2038 2,
518 1990 581 2031 27
587 2001 600 2039 ,·
623 2001 838 2042 pronepos
864 1987 942 2031 On.
965 1987 1160 2043 Pompeii
1187 1989 1273 2042 fuit
1301 1989 1392 2031 sine
1421 1988 1548 2031 dubio
1570 2002 1654 2043 per
1673 1991 1864 2039 mairem,
1897 2002 2004 2042 quae

261 2055 464 2112 putanda
498 2060 558 2099 est
592 2057 725 2111 fuisse
760 2056 858 2102 Sex.
891 2057 1087 2112 Pompeii
1118 2057 1235 2113 filia,
1274 2072 1324 2100 ea
1352 2058 1450 2112 ipsa
1474 2060 1585 2112 puto
1613 2071 1738 2111 quam
1770 2060 2005 2100 memorant

261 2125 453 2181 Appian.
477 2126 513 2169 b.
539 2139 572 2168 c.
593 2128 632 2176 5,
654 2129 720 2177 73,
752 2125 842 2169 Dio
866 2130 933 2177 49,
956 2130 1022 2177 11,
1052 2130 1161 2169 nata
1188 2140 1239 2169 ecc
1259 2126 1490 2170 Scribonia
1511 2127 1563 2168 L.
1586 2126 1806 2169 Scribonii
1823 2126 2003 2169 Libonis

263 2194 448 2237 consulis
467 2209 507 2239 a.
525 2197 611 2238 720
631 2194 748 2250 filia5
763 2198 896 2250 pater
910 2196 1043 2250 iyitur
1062 2195 1109 2238 in
1129 2196 1450 2238 matrimonium
1470 2195 1653 2238 dumerat
1670 2195 1832 2238 sororis
1851 2195 2000 2249 filliam.

881 2318 926 2354 L.
952 2317 1174 2410 Scribo'nius
1197 2318 1296 2355 Libo

274 2439 342 2477 Cn.
360 2439 564 2515 Pompeius
580 2439 746 2487 Magnus
809 2411 1672 2485 m
1690 2462 1733 2475 ψ
1750 2438 1839 2485 imp.
1857 2438 2002 2475 Caesar

946 2497 1019 2522 cos.
1038 2497 1073 2522 a.
1090 2498 1127 2523 u,
1145 2498 1175 2522 c.
1193 2487 1262 2523 720
1775 2483 1975 2531 Augustus

488 2488 493 2600 ἱ
1097 2535 1103 2576 ι

326 2605 411 2643 Sex.
429 2606 633 2653 Pompeius
659 2631 702 2644 ψ
727 2606 957 2653 [Scribonia]
1131 2608 1136 2643 1
1664 2605 1765 2683 Ιιιξίε.

594 2698 776 2746 Pompeia
802 2722 844 2787 Τ
868 2698 914 2735 L.
932 2671 1168 2745 [Scriboniim
1186 2699 1299 2746 Libo]
1319 2701 1367 2743 (n.
1380 2702 1467 2743 211)
1599 2697 1818 2745 Agrippina
1831 2721 1875 2733 v
1892 2697 1995 2778 (Ξεν-

1878 2755 1913 2777 m
1940 2755 1995 2778 nl·

183 2819 227 2856 L.
245 2819 469 2855 Scribonius
486 2819 585 2856 Libo
634 2818 684 2856 M.
702 2818 922 2856 Scribonius
938 2820 1038 2857 Libo
1087 2819 1288 2856 Scribonia
1302 2843 1344 2855 v
1358 2819 1409 2856 M.
1422 2819 1594 2855 Licinius
1612 2818 1773 2855 Crassus
1901 2801 1966 2825 cus

306 2870 354 2909 (n.
371 2867 459 2910 212)
670 2866 820 2902 Drusus
839 2870 889 2910 (n.
906 2869 993 2911 214)
1109 2871 1157 2910 (n.
1177 2868 1265 2911 221)
1322 2867 1327 2936 Ι
1498 2865 1617 2912 Frugi
1704 2910 1807 2947 Nero
1829 2909 1971 2946 Caesar

806 2963 875 3001 Cn.
894 2964 1100 3020 Pompeius
1119 2964 1285 3011 Magnus
1309 2969 1341 3002 et
1356 2966 1491 3010 fratres
1508 2965 1598 3000 eius.
1683 2956 1831 2992 Drusus
1854 2936 2006 2991 Caesa}-

361 3068 648 3111 ‘Adulescens
668 3075 757 3111 tam
778 3068 960 3112 stolidus
980 3084 1111 3125 quam
1131 3068 1305 3112 nobilis’
1331 3069 1494 3114 Seneca
1515 3083 1578 3123 ep.
1602 3071 1669 3118 70,
1687 3070 1741 3110 10
1763 3068 1816 3121 cf.
1845 3066 1944 3109 Tac.
1963 3080 2003 3108 a.

272 3141 315 3189 2,
336 3141 405 3180 30.
450 3137 655 3180 Pontifex
686 3137 802 3182 Suet.
831 3138 923 3180 Tib.
945 3141 1015 3181 25.
1071 3137 1127 3181 A.
1158 3153 1200 3195 p.
1227 3137 1330 3183 Chr.
1364 3139 1416 3181 15
1448 3153 1474 3180 a
1504 3136 1612 3179 falso
1644 3135 1834 3193 quodam
1867 3135 2005 3177 amico

273 3206 328 3249 ad
368 3207 674 3261 cogitationem
714 3221 862 3249 rerum
900 3221 1115 3249 novarum
1155 3206 1352 3262 inlectus,
1391 3206 1524 3263 idque
1555 3204 1731 3248 Tiberio
1762 3203 2006 3260 proditum3

273 3276 348 3332 qui
373 3274 652 3317 nihilominus
675 3290 774 3317 eum
794 3282 1039 3332 praetorem
1060 3275 1164 3318 fecit
1183 3277 1227 3317 in
1249 3292 1288 3319 a.
1314 3277 1365 3319 16
1387 3276 1484 3318 Tac.
1508 3289 1548 3317 a.
1570 3277 1614 3325 2,
1635 3276 1706 3317 27.
1728 3275 1801 3323 28,
1832 3273 2006 3314 interim

274 3358 432 3386 cavere
462 3351 630 3386 tantum
664 3358 763 3386 eum
793 3351 1021 3387 contentus
1043 3345 1160 3388 Suet.
1188 3345 1279 3387 Tib.
1302 3348 1373 3388 25.
1422 3345 1475 3387 A.
1501 3345 1553 3387 16
1579 3358 1606 3385 a
1626 3341 1822 3384 Fulcinio
1844 3340 2006 3383 Trione
