2242 3672
264 275 567 311 TIBERIANVS
1127 261 1212 304 316
1852 267 2073 310 T1e1D1vs

279 432 336 436 —
379 406 439 450 M.
472 402 711 457 Aur(elius)
744 400 1016 442 Tiberianus.

278 499 335 504 --
378 477 660 515 AVTRONIVS
693 473 1011 510 TIBERIANVS.

279 567 337 572 --
381 548 421 583 C.
453 546 619 582 IVNIVS
648 542 965 580 TIBERIANVS.

269 611 346 652 144
378 609 634 650 *TIBERIVS
658 606 822 660 (nornen
845 604 1120 659 corruptum),
1151 601 1383 659 proconsul
1404 601 1592 657 Africae,
1625 601 1870 644 sacerdotes
1899 601 2072 645 Saturni
2155 645 2161 651 ,

346 677 419 732 qui
452 675 635 717 infantes
662 672 990 714 immolaverant
1011 669 1223 727 supplicio
1242 671 1394 713 'affecit
1419 671 1668 714 Tertullian.
1692 670 1805 725 apol.
1827 684 1861 714 c.
1883 673 1923 713 9.
1968 670 2075 714 Pro-

347 744 488 787 eonsul
517 743 602 797 fuit
630 743 814 796 fortasse
843 754 927 782 non
956 739 1086 782 multo
1117 742 1215 782 ante
1250 739 1505 782 Tertulliani
1534 743 1744 794 tempora,
1786 753 1879 782 eum
1912 740 2076 794 famam

346 813 434 855 eius
463 812 526 854 rei
553 824 681 864 usque
711 809 769 851 ad
796 822 876 851 sua
906 811 1096 862 tempora
1126 807 1343 850 duravisse
1372 808 1581 863 siqnifieet
1611 807 1912 851 Tertullianus.

274 906 331 911 —
374 879 530 923 Albius
559 877 771 921 Tibullus.

274 974 331 978 —
376 955 415 992 C.
449 952 689 989 OCTAVIVS
721 951 889 987 TIDIVS
921 951 1193 987 TOSSIANVS
1225 952 1270 988 L.
1300 951 1587 987 IAVOLENVS
1618 951 1864 1006 PRISclvsg
1914 1000 1920 1005 ι

275 1042 330 1047 ——
373 1016 421 1059 C.
455 1015 685 1058 *Sofonius
717 1013 958 1068 Tigellinus
990 1017 1043 1066 (v.
1076 1014 1204 1056 etiam
1233 1013 1460 1068 Addend).

266 1086 344 1127 145
377 1082 585 1138 Tigellius
616 1083 914 1137 Hermogenes
942 1082 1172 1137 (Tigellius
1193 1085 1274 1126 sat.
1295 1086 1333 1133 1,
1356 1085 1422 1133 10,
1447 1086 1513 1133 90,
1547 1082 1845 1137 Hermogenes
1866 1080 2076 1137 Tigellius

346 1157 384 1203 1,
415 1156 454 1202 4,
484 1155 555 1194 72.
595 1155 634 1201 1,
668 1155 736 1202 10,
768 1154 836 1202 80,
859 1154 1090 1205 praeterea
1121 1151 1459 1206 Hermogenes),
1492 1157 1644 1193 cantor
1675 1157 1805 1207 atque
1833 1149 2076 1192 modulator

347 1220 500 1263 Horat.
517 1223 598 1262 sat.
615 1223 653 1270 1,
670 1223 708 1270 3,
725 1223 797 1263 29.
819 1223 858 1270 1,
875 1223 913 1271 9,
931 1222 1005 1271 25,
1028 1221 1181 1262 irrisus
1202 1220 1257 1262 ab
1273 1220 1456 1262 Horatio
1472 1220 1528 1262 ib.
1541 1223 1580 1271 1,
1592 1223 1630 1270 4,
1643 1223 1712 1264 72.
1729 1223 1768 1270 1,
1782 1222 1849 1270 10,
1861 1221 1927 1263 18.
1940 1222 2008 1262 90.
2022 1244 2072 1249 -

346 1289 551 1332 Diversus
574 1288 784 1344 Tigellius
806 1288 984 1343 Sar-dus,
1009 1295 1051 1330 et
1078 1290 1170 1345 ipse
1192 1294 1352 1344 cantor,
1377 1303 1506 1345 quem
1526 1293 1768 1330 memorant
1784 1286 1871 1330 Cic.
1893 1286 1952 1330 ad
1969 1287 2074 1342 fam.

348 1362 384 1409 7,
407 1361 477 1408 24,
510 1356 662 1419 Calvus
693 1371 761 1411 ap.
780 1357 987 1411 Porphyr.
1019 1358 1066 1399 in
1096 1357 1253 1400 Horat.
1274 1360 1354 1401 sat.
1377 1360 1417 1407 1,
1438 1360 1478 1407 3,
1500 1360 1527 1399 4
1557 1356 1847 1412 (nihilorminus
1878 1357 2077 1411 confusus

347 1440 439 1468 euin
468 1426 542 1468 illo
574 1440 602 1467 a
632 1425 937 1480 Porphyrione,
970 1426 1023 1480 of.
1055 1426 1275 1480 Kiessliny
1302 1425 1360 1468 ad
1387 1425 1496 1469 Hor.
1529 1425 1555 1467 l.
1588 1424 1652 1479 0.).
1774 1470 1780 1475 ,

264 1496 344 1538 146
375 1494 572 1549 Tigidius
585 1494 643 1549 (22)
673 1495 896 1537 Perennis.
921 1521 973 1526 —
1006 1494 1214 1551 Περέννιος
1237 1494 1408 1545 Graeci,
1431 1495 1641 1537 Perennis
1661 1495 1734 1537 vit.
1758 1493 1915 1537 Comm.
1935 1496 1962 1537 5
1976 1507 2073 1549 seq„

348 1564 418 1605 vit.
450 1563 565 1605 Pert.
595 1566 645 1614 3;
685 1563 883 1618 Tigidius
918 1564 989 1608 vit.
1028 1563 1185 1606 Comni.
1222 1567 1262 1614 4,
1296 1566 1332 1614 7,
1368 1564 1445 1606 ubi
1476 1563 1585 1606 idem
1621 1563 1787 1606 videtur
1823 1563 2075 1619 siqnilieari,

348 1632 401 1686 ef.
432 1632 565 1685 infra.
625 1631 683 1673 In
713 1634 741 1673 t.
772 1632 980 1674 Lusitano
1002 1632 1064 1674 II
1075 1634 1161 1675 258
1188 1632 1241 1686 of.
1265 1646 1314 1686 p.
1343 1635 1436 1682 693,
1470 1632 1543 1686 qui
1566 1638 1650 1674 non'
1678 1631 1737 1674 ad
1764 1631 1874 1675 hune
1902 1634 2075 1687 spectat,

348 1700 421 1742 sed
448 1701 630 1754 fortasse
662 1700 719 1742 ad
744 1700 883 1755 filium
913 1701 1001 1743 eius
1031 1703 1106 1743 aut
1136 1700 1195 1742 ad
1224 1700 1358 1742 aliurn
1387 1700 1570 1743 eiusdem
1599 1700 1806 1754 familiae,
1841 1699 2077 1744 Resendius

350 1771 497 1810 auctor
536 1772 750 1823 suspectae
790 1769 892 1824 fidei
932 1769 1031 1823 leyit
1070 1768 1241 1812 Cestius
1280 1768 1461 1811 Acidius
1502 1769 1734 1824 Perennis,
1781 1768 1892 1811 alius
1929 1771 2090 1812 auctor-

351 1837 402 1878 L.
434 1836 658 1879 Tulcidius
689 1838 912 1879 Perennis.
1916 1880 1918 1883 ,

436 1904 507 1946 Ex
543 1904 671 1947 Italia
710 1905 918 1947 oriundus
951 1905 1111 1948 Herod.
1141 1909 1180 1956 1,
1209 1908 1250 1956 8,
1277 1909 1324 1961 1,
1365 1906 1434 1947 vir
1473 1904 1672 1948 militaris
1711 1906 1768 1948 ib.
1829 1905 2078 1948 Praefectus

354 1975 570 2029 praetorio
612 1989 710 2016 cum
740 1974 1037 2029 (Tarrutenio)
1075 1975 1282 2029 Paterno,
1326 1989 1410 2031 quo
1452 1981 1646 2030 tempore
1685 1974 1744 2016 M.
1776 1973 1980 2017 Aurelius
2010 1974 2080 2017 de·

356 2041 531 2083 functus
559 2048 624 2083 est
652 2042 724 2084 vit.
754 2042 910 2085 Comm.
932 2046 998 2094 14,
1018 2045 1048 2085 8
1078 2043 1342 2099 (praefectus
1372 2043 1586 2099 praetorio
1617 2042 1757 2085 factus
1787 2058 1814 2085 a
1843 2042 2079 2086 Commodo

351 2110 509 2154 Herod.
542 2111 568 2152 l.
601 2125 648 2162 6.,
680 2112 819 2154 rninus
850 2113 1078 2166 accurate).
1125 2111 1305 2166 Collega
1336 2112 1621 2166 (Tarrutenii)
1654 2113 1832 2155 Paterni
1867 2112 1931 2167 (in
1961 2126 2080 2169 prae-

353 2178 535 2233 fectura)
566 2178 654 2221 Dio
682 2183 752 2230 72,
779 2183 846 2222 10.
896 2181 1132 2222 Paternum
1166 2180 1379 2223 subvertit
1409 2195 1486 2236 per
1515 2179 1798 2222 ambitionem
1828 2181 1885 2223 ib.
1936 2181 2078 2234 (Insti-

349 2252 479 2300 gante
505 2247 677 2302 Tigidio
709 2248 924 2290 Paternus
955 2263 980 2289 a
1009 2248 1309 2304 praefecturae
1339 2249 1709 2290 administratione
1740 2256 1978 2291 summotus
2000 2249 2078 2291 vit.

354 2313 506 2356 Comm.
527 2319 566 2366 4,
590 2319 627 2365 7,
658 2317 734 2357 ubi
764 2316 926 2370 Tiyidii
953 2317 1120 2358 nornine
1148 2316 1258 2359 hune
1287 2317 1527 2371 siqnifioari
1557 2317 1734 2360 coniecit
1762 2316 1810 2360 Ο.
1832 2316 2082 2370 Hirschfeld

357 2382 485 2424 Verw.
499 2398 546 2437 p.
559 2384 681 2437 228).
712 2384 966 2426 Praefectus
983 2385 1197 2440 praetorio
1215 2392 1312 2441 post
1328 2386 1563 2427 Paternum
1584 2385 1672 2427 Dio
1689 2388 1757 2436 72,
1775 2388 1814 2436 9,
1837 2384 2081 2442 praefectus

355 2453 565 2505 praetorio
598 2451 713 2494 solus
736 2452 895 2496 Herod.
914 2456 953 2503 1,
976 2456 1013 2503 9,
1038 2456 1105 2495 10.
1157 2453 1336 2496 Summa
1355 2455 1547 2509 potentia
1569 2455 1683 2508 eius3
1705 2455 1875 2510 imperii
1896 2468 2021 2496 curas
2041 2454 2080 2495 ei

356 2521 548 2575 permisit
571 2520 833 2563 Commodus
849 2521 939 2564 Dio
960 2525 1027 2576 72,
1052 2525 1090 2564 9.
1111 2525 1164 2564 10
1187 2523 1366 2574 (Zonar.
1388 2526 1456 2573 12,
1478 2522 1533 2573 4),
1557 2522 1791 2566 Herodian.
1813 2526 1851 2573 1,
1873 2525 1912 2573 8,
1934 2525 1978 2572 2,
2009 2521 2081 2563 vit.

357 2587 510 2630 Cornan.
542 2590 581 2630 5.
632 2589 826 2631 Virtutes
859 2591 972 2644 eius3
1005 2591 1280 2646 incorruptus
1310 2590 1520 2633 adversus
1549 2586 1786 2647 pecuniam
1807 2589 1897 2633 Dio
1927 2593 1996 2640 72,
2027 2593 2082 2632 10

358 2655 500 2707 (aliter
538 2657 609 2698 vit.
646 2656 801 2700 comm.
828 2661 867 2709 5,
899 2661 936 2702 6.
967 2661 1042 2708 13,
1081 2659 1242 2701 Herod.
1274 2663 1313 2710 1,
1341 2661 1381 2709 8,
1412 2662 1455 2702 2.
1487 2661 1544 2715 8).
1605 2659 1811 2701 Inimicus
1849 2658 2080 2706 Pertinaci,

356 2738 484 2779 quem
514 2725 637 2767 iussit
663 2726 704 2766 in
727 2727 951 2781 Liguriam
972 2727 1174 2769 secedere
1195 2727 1254 2782 (a.
1276 2730 1403 2783 182),·
1433 2728 1503 2769 cui
1534 2734 1632 2783 post
1662 2729 1907 2782 triennium,
1941 2727 2081 2769 occiso

357 2791 552 2834 Perenne
583 2791 639 2844 (a.
665 2796 760 2845 185,
793 2796 847 2848 ef.
879 2795 1030 2850 infra),
1063 2795 1326 2843 Commodus
1358 2796 1566 2838 satisfecit
1589 2796 1660 2839 vit.
1692 2795 1857 2838 Pertin.
1886 2798 1926 2846 3,
1951 2798 1980 2838 3
1997 2808 2080 2849 seq.

355 2859 578 2903 Victorino
601 2861 670 2915 (C.
687 2862 864 2917 Aufidio
885 2863 1113 2915 Victorino,
1134 2878 1267 2919 supra
1291 2864 1335 2906 A
1360 2867 1482 2921 1160)
1514 2865 1708 2920 pepercit
1735 2863 1824 2906 Dio
1853 2866 1922 2914 72,
1942 2867 2009 2906 11.
2026 2888 2078 2892 —

356 2928 542 2983 Inquirit
571 2930 615 2970 in
636 2929 914 2986 Apollonium
944 2932 1225 2975 christianum
1245 2933 1402 2975 Euseb.
1427 2932 1468 2974 h.
1491 2932 1586 2975 ecel.
1607 2935 1646 2983 5,
1667 2936 1726 2976 21
1757 2946 1807 2974 ex
1836 2932 1943 2974 actis
1966 2945 2080 2974 mar-

357 2997 459 3049 tyrii
467 3010 479 3047 ,·
520 3001 617 3039 aeta
647 3000 847 3053 martyrii
874 3000 1098 3054 Apollonii
1133 3016 1238 3055 quae
1279 3004 1424 3044 extant
1452 3001 1708 3044 Armeniaoe
1738 3000 1829 3056 (ubi
1862 3000 2081 3043 Terentius

360 3064 515 3105 (licitur
536 3079 620 3119 pro
652 3066 871 3123 Perenne),
905 3069 958 3122 of.
990 3069 1201 3112 Harnaek
1235 3070 1520 3124 Sitzunysber.
1554 3069 1628 3111 der
1669 3068 1769 3111 berl.
1800 3068 1946 3111 Akad.
1972 3070 2081 3111 1893

357 3146 404 3184 p.
431 3134 525 3182 728,
559 3133 795 3176 Mommsen
824 3136 881 3177 ib.
913 3139 1022 3178 1894
1042 3152 1090 3191 p.
1112 3141 1197 3180 497
1214 3151 1296 3191 seq.
1318 3162 1372 3167 —
1404 3137 1537 3179 Filios
1569 3152 1668 3179 suos
1699 3135 2080 3179 adulescentes-ad

359 3201 547 3252 regimen
579 3201 797 3255 legionum
827 3203 990 3258 Illyrici
1020 3213 1248 3260 promovet
1275 3206 1434 3250 Herod.
1458 3209 1497 3256 1,
1530 3209 1568 3256 9,
1599 3209 1637 3250 1.
1664 3209 1691 3248 4
1721 3206 1970 3261 (imperium
1999 3204 2079 3247 sibi

361 3274 588 3320 paraturus
610 3270 698 3324 ib).
744 3271 828 3311 Res
851 3272 894 3312 in
917 3271 1129 3315 Sarmatia
1150 3289 1227 3330 per
1257 3274 1363 3316 alios
1394 3274 1525 3316 duces
1555 3274 1676 3317 bene,
1694 3279 1837 3329 gestas
1863 3275 1914 3317 in
1943 3271 2080 3326 filium

362 3347 487 3374 suum
519 3335 727 3378 Perennis
757 3338 973 3380 referebat
1001 3341 1072 3382 vit.
1102 3341 1258 3383 Oonini.
1285 3345 1322 3392 6,
1346 3345 1384 3384 1.
1436 3342 1579 3385 Huius
1607 3342 1791 3396 fortasse
1816 3341 2077 3396 filiinomen
