2242 3672
182 224 403 262 SIMPLEX
942 225 947 230 '
1050 218 1133 262 249
1743 224 1996 261 SOCLARVS

267 356 448 411 aliquem
475 355 726 411 eundemque
755 355 1066 399 nobilissimum
1091 355 1331 407 Gaesarem,
1375 359 1414 399 et
1452 356 1516 399 ita
1546 357 1788 413 siqnifieari
1813 355 2000 400 Gordia-

264 439 366 469 num
387 424 515 478 (inter
535 425 723 480 Auyusti
744 428 783 467 et
805 424 1007 467 Caesaris
1026 425 1235 468 voeabula
1255 437 1423 468 erasum
1445 425 1611 480 aliquid
1634 439 1720 469 esse
1748 425 2002 468 rettulerunt

264 494 338 549 qui
355 508 492 549 nuper
514 497 541 537 t.
562 496 590 536 4
610 494 970 545 examinaverunt,
993 507 1161 537 erasum
1174 497 1282 549 puto
1304 497 1364 537 est
1382 508 1533 537 nomen
1554 493 1782 548 Caesaris).
1814 493 1999 537 Domum

263 563 430 606 videtur
458 562 656 605 habuisse
678 562 843 605 Romae
872 562 936 605 ibi
954 563 1030 605 ubi
1047 577 1182 617 nuper
1201 563 1286 617 fuit
1305 563 1410 606 villa
1432 563 1677 613 Isudovisia,
1711 577 1804 605 eum
1834 577 1880 606 eo
1911 563 1999 605 loeo

263 635 435 688 reperta
462 632 519 674 sit
548 631 696 686 fistula
726 645 820 674 eum
849 634 878 674 t.
909 634 948 676 5.

190 727 249 753 -÷
294 707 372 743 GN.
405 706 669 742 CAECILIVS
703 706 936 742 SIMPLEX.

191 796 246 800 ——
292 776 355 813 TI.
388 775 556 812 IVLIVS
589 774 842 811 OANDIDVS
877 775 1143 811 CAECILIVS
1177 775 1410 813 SIMPLEX.

190 865 247 870 -
289 846 334 885 L.
366 845 532 881 IVLIVS
561 844 790 880 MARINVS
823 843 1085 880 CAECILIVS
1120 844 1353 883 SIMPLEX.

176 910 260 953 530
291 916 335 952 L.
369 913 581 951 SINICIVS
617 912 835 949 REGINVS
867 913 1062 963 praetor,
1095 906 1298 950 tribunus
1330 906 1470 964 plebi,
1505 915 1708 964 quaestor
1748 909 1999 965 provinciae

261 976 544 1021 Macedoniae
577 976 646 1019 VI
667 979 791 1020 1521.

176 1048 255 1091 531
292 1047 513 1102 Sinnaces,
547 1046 706 1089 nobilis
738 1045 928 1089 Parthus
966 1046 1065 1088 Tae.
1099 1060 1138 1090 a.
1172 1049 1209 1096 6,
1240 1048 1307 1096 31,
1340 1045 1613 1101 Abdagaesis
1643 1046 1757 1088 filius
1789 1046 1844 1088 ib.
1876 1059 1908 1088 e.
1931 1047 1997 1095 36,

261 1116 524 1172 praecipuus
546 1122 697 1158 auctor
718 1114 892 1158 Parthis
913 1114 1007 1170 fuit,
1027 1121 1076 1157 ut
1097 1128 1245 1170 regem
1260 1130 1286 1157 a
1300 1114 1477 1157 Tiberio
1498 1114 1768 1172 postularent
1789 1128 1822 1157 e.
1838 1117 1904 1158 31.
1926 1117 1986 1157 32

260 1184 332 1228 Ab
363 1183 588 1228 Artabano
619 1184 765 1227 deficit
796 1198 829 1228 e.
853 1186 911 1226 36
920 1197 934 1235 ;
964 1183 1163 1238 Tiridati,
1197 1198 1326 1240 quem
1348 1183 1551 1226 Tiberius
1582 1185 1771 1238 miserat,
1803 1183 1998 1238 adiungi-

260 1260 332 1297 tur
362 1267 396 1296 ο.
423 1256 491 1297 37.

174 1323 258 1366 532
290 1322 467 1366 Sinnius
497 1321 666 1378 Capito,
695 1322 1017 1377 grammaticus,
1058 1335 1188 1377 quem
1218 1322 1379 1378 passim
1411 1321 1516 1364 citat
1544 1321 1724 1374 Festus;
1762 1320 1874 1363 liber
1905 1320 1997 1362 eius

260 1391 315 1434 de
345 1390 526 1448 syllabis
558 1391 786 1446 Pompeius
820 1392 866 1433 in
893 1390 1115 1434 Donatum
1147 1389 1366 1443 (Gramm.
1397 1391 1498 1433 Lat.
1530 1390 1593 1433 ed.
1626 1390 1730 1433 Keil
1760 1390 1802 1433 V
1815 1404 1862 1444 p.
1890 1388 1996 1444 110),

260 1460 446 1518 epistula
476 1462 567 1503 eius
597 1460 652 1503 ad
684 1459 886 1504 Clodium
917 1461 1110 1502 Tuscum
1139 1459 1249 1504 Gell.
1280 1462 1319 1511 5,
1347 1463 1421 1511 20,
1455 1458 1640 1516 epistula
1671 1459 1725 1502 ad
1757 1459 1998 1501 Pacuvium

260 1529 535 1586 (Antistium)
565 1530 815 1573 Labeonem
845 1528 1084 1585 (Labeonis
1116 1530 1222 1572 iuris
1254 1528 1440 1571 consulti
1471 1528 1658 1585 patrem)
1689 1529 1745 1571 ib.
1772 1530 1810 1579 5,
1842 1530 1914 1578 21,
1945 1530 1998 1569 10

260 1599 386 1655 (unde
429 1599 479 1642 de
522 1602 660 1642 aetate
700 1599 791 1642 eius
825 1598 916 1653 fere
946 1598 1142 1653 ecmstaO.
1204 1598 1389 1654 Scripsit
1420 1599 1549 1640 etiam
1580 1596 1634 1639 de
1664 1596 1998 1653 antiquitatibus

258 1669 546 1724 Hieronymus
585 1669 631 1711 in
661 1667 766 1712 Gen.
797 1670 825 1710 3
856 1682 904 1723 p.
935 1670 1015 1711 319
1046 1667 1178 1718 Van„
1215 1666 1365 1710 ‘libros
1401 1665 1763 1723 spectaculorum³
1799 1666 1997 1708 Laetant.

259 1739 357 1782 inst.
387 1741 424 1789 6,
456 1740 528 1788 20,
559 1740 624 1780 35.
681 1737 908 1791 Reliquias
948 1737 1153 1792 eonyessit
1179 1736 1243 1780 M.
1275 1735 1409 1779 Hertz
1441 1735 1621 1780 Sinnius
1649 1733 1804 1789 Capito
1837 1733 1996 1787 (Berol.

258 1806 396 1861 1844).
454 1805 522 1861 Cf.
557 1804 720 1858 Teuffel
748 1806 835 1849 Lit.
866 1806 898 1861 ἕ
926 1809 1024 1850 260.

170 1876 254 1919 533
287 1875 483 1932 Sirpicus
516 1874 584 1928 (de
612 1875 780 1918 nomine
812 1876 867 1929 ef.
893 1874 1139 1930 Nipperdey
1171 1874 1229 1918 ad
1263 1874 1363 1917 Tae.
1397 1874 1423 1918 Z.
1457 1873 1522 1929 e.)‚
1552 1874 1748 1916 centurio
1780 1872 1998 1914 exercitus

256 1944 498 1987 Pannonici
528 1959 565 1987 a.
600 1944 654 1987 14
689 1944 787 1987 Tae.
820 1947 858 1995 1,
891 1947 960 1988 23.

171 2013 256 2056 534
288 2012 485 2069 Sisenna,
519 2013 646 2056 homo
677 2012 915 2056 maledicus
946 2013 1104 2056 Horat.
1135 2017 1216 2058 sat.
1248 2017 1286 2065 1,
1320 2016 1359 2064 7,
1390 2015 1418 2055 8
1449 2027 1542 2056 eum
1572 2011 1699 2055 schol.

172 2082 255 2126 535
289 2082 487 2138 Sisenna,
520 2083 729 2137 centurio,
764 2098 801 2125 a.
835 2083 890 2126 69
921 2082 1113 2138 dextras,
1148 2082 1408 2126 concordiae
1440 2082 1638 2136 insignia,
1674 2080 1844 2136 Syriaci
1877 2095 1996 2122 exer-

258 2153 369 2195 citus
396 2152 572 2194 nomine
602 2151 658 2194 ad
690 2152 986 2208 praetorianos
1018 2150 1188 2194 ferebat
1223 2151 1321 2194 Tac.
1353 2151 1393 2196 h.
1424 2154 1467 2202 2,
1498 2153 1537 2193 8.

173 2221 257 2264 536
289 2253 300 2264 .
319 2253 330 2264 .
350 2227 526 2264 ..MIVS
559 2226 776 2263 SISENNA
818 2219 970 2263 consul
1011 2221 1217 2263 suffectus
1258 2235 1407 2263 mense
1437 2221 1534 2264 Iun.
1566 2219 1711 2261 nescio
1744 2218 1866 2260 cuius
1897 2217 1998 2259 anni

260 2304 359 2332 cum
400 2290 534 2333 Paeto
576 2288 723 2345 aliquo
762 2289 812 2331 X
838 2292 959 2333 6587.
1021 2289 1229 2332 Fortasse
1261 2289 1499 2332 Mummius
1530 2288 1740 2338 Sisenna,
1782 2287 1835 2340 ef.
1868 2299 2001 2340 supra

262 2359 324 2402 M
344 2361 437 2403 518.
468 2361 562 2403 519.

187 2453 246 2458 —
289 2435 334 2471 L.
367 2433 650 2470 CORNELIVS
683 2433 912 2470 SISENNA.

187 2521 247 2527 -—
291 2503 332 2541 P.
364 2503 603 2538 MVMMIVS
637 2502 866 2541 SISENNA.

187 2590 245 2596 —-
288 2572 329 2610 P.
360 2571 599 2608 MVMMIVS
632 2571 848 2608 SISENNA
877 2571 1197 2609 RVTILIANVS.

192 2661 244 2667 —
293 2640 510 2678 SISENNA
541 2639 802 2678 STATILIVS
835 2641 1046 2679 TAVRVS.

190 2729 248 2734 —
290 2703 450 2747 Fulvia
480 2702 693 2748 Sisennia.

178 2772 259 2816 537
293 2771 486 2828 Sitalces,
519 2772 683 2829 Thrax,
717 2772 843 2815 obses
875 2772 1002 2816 datus
1022 2772 1126 2816 divo
1147 2772 1372 2829 Augusto3
1404 2787 1527 2815 soror
1558 2773 1649 2814 eius
1680 2770 1791 2814 Iulia
1819 2768 2000 2826 Phyllis.

266 2840 336 2884 VI
356 2844 510 2886 26608.

179 2910 262 2953 538
295 2910 422 2966 Sitas,
445 2910 808 2954 Dentheletarum
828 2925 920 2966 reX,
944 2926 1121 2966 caecus,
1148 2912 1186 2953 ei
1207 2911 1267 2954 M.
1292 2910 1476 2954 Crassus
1501 2926 1540 2953 a.
1563 2911 1644 2954 725
1667 2908 1879 2952 auxilium
1904 2905 2002 2949 tulit

267 2986 417 3022 contra
447 2980 682 3023 Bastarnas
713 2979 802 3023 Dio
824 2982 897 3031 -51,
931 2983 1002 3024 23.
1032 2983 1102 3025 25.

193 3073 244 3078 —-
295 3055 336 3093 C.
370 3055 511 3090 SEIVS
544 3055 858 3091 OALPVRNIVS
889 3055 1190 3100 QVADRATVS
1224 3055 1500 3092 SITTIANVS.

196 3142 248 3147 —
296 3117 469 3160 Soaem-
499 3130 535 3159 v.
569 3116 786 3160 Sohaem-.

182 3187 265 3229 539
298 3186 512 3242 Soclarus,
536 3185 759 3228 Plutarchi
786 3186 899 3228 filius
920 3185 1038 3230 Plut.
1063 3185 1112 3228 de
1133 3186 1229 3229 aud.
1243 3190 1358 3241 poet.
1383 3187 1447 3242 (p.
1470 3184 1575 3228 15A
1597 3182 1728 3238 Xyz.),
1751 3180 2001 3223 adulescen-

270 3254 385 3298 tulus
427 3260 475 3297 ut
514 3254 689 3297 videtur
729 3253 836 3297 obiit
876 3254 1028 3297 eonsol.
1070 3254 1128 3297 ad
1166 3269 1288 3300 umor.
1331 3254 1396 3310 (p.
1418 3253 1581 3309 609Λ).
1642 3251 1770 3292 Alius
1800 3248 2002 3292 Soclarus

269 3330 533 3366 memoratur
563 3326 722 3377 quaest.
758 3337 870 3366 conv.
901 3326 944 3373 2,
977 3326 1015 3365 6.
1045 3326 1072 3364 3
1103 3327 1174 3367 eet.
