2242 3672
325 313 573 350 VALEfflvs
1182 301 1268 344 354
1310 282 1313 283 ⁷
1872 302 2135 341 -vALEmvs

411 444 484 485 tex
515 447 542 485 t.
574 445 611 485 1.
641 445 684 484 2.
714 443 754 482 3.
801 437 971 481 Sodalis
993 436 1274 479 Hadrianalis
1300 439 1328 479 t.
1350 439 1390 478 1.
1437 434 1623 478 Curator
1653 449 1831 491 operum
1860 434 2136 492 publicorum

410 513 466 553 ib.
513 510 699 553 Curator
718 522 927 564 aquarum
950 520 1099 548 sacrae
1120 505 1239 548 urbis
1262 511 1305 547 et
1324 505 1531 547 Miniciae
1550 504 1607 546 ib.
1656 503 1856 547 Censitor
1885 504 2137 560 provinciae

408 580 696 634 Aquitanicae
736 577 793 618 ib.
865 574 1104 617 Proconsul
1149 575 1401 631 provinciae
1444 573 1621 616 Africae
1660 573 1744 624 ib.‚·
1788 571 1891 627 Diy.
1922 575 1962 622 1,
1992 574 2063 623 21,
2094 574 2134 614 4.

406 650 476 696 26,
508 650 576 696 10,
608 650 645 696 1,
677 649 716 696 4,
749 645 909 687 Severo
942 650 984 686 et
1011 642 1239 686 Caracalla
1268 642 1582 699 imperantibus
1615 641 1718 696 Diy.
1751 641 1778 683 l.
1810 655 1845 683 c.
1875 665 1932 670 —
1966 639 2136 683 Adfinis

408 715 467 756 M.
497 714 677 756 Antonii
708 713 829 755 Antii
860 713 1000 768 Lupi,
1041 713 1170 754 occisi
1201 727 1228 753 a
1260 711 1519 765 Commodo,
1556 709 1804 767 sepulcrum
1834 710 1926 752 eius
1956 707 2138 766 perfecit

407 786 435 825 t.
466 786 508 826 2.
570 783 800 824 Praeterea
840 782 984 823 nescio
1028 781 1145 838 quod
1185 787 1511 823 monumentum
1551 781 1596 821 in
1637 779 1745 822 urbe
1781 779 1843 832 (in
1875 793 1960 834 quo
1990 783 2137 835 partes

406 851 581 893 fuerunt
611 852 739 893 etiam
771 850 823 903 Q.
847 850 959 893 Virii
990 850 1135 892 Larcii
1167 849 1371 906 Sulpicii)
1399 849 1582 906 perfecit
1612 851 1640 891 t.
1669 852 1710 891 3.
1751 848 1940 889 Domum
1964 845 2139 888 videtur

405 920 606 962 habuisse
638 921 680 961 in
708 919 927 961 Aventino
960 921 988 961 t.
1008 921 1047 962 5.
1094 917 1364 973 Albingauni
1395 917 1597 960 balneum
1628 916 1860 971 inchoavit,
1893 914 2011 972 quod
2040 920 2139 972 post

406 995 587 1031 mortem
609 988 700 1029 eius
722 986 960 1043 perfectum
975 986 1406 1041 Albingaunensibus
1427 986 1674 1041 adsignavit
1687 984 1740 1038 Q.
1758 984 1908 1027 Virius
1925 982 2138 1038 Egnatius

407 1056 624 1112 Sulpicius
656 1056 830 1097 Priscus
862 1058 889 1098 t.
919 1058 958 1097 1.
995 1080 1042 1084 —
1075 1055 1279 1098 Libertus
1310 1061 1352 1097 et
1380 1060 1636 1111 procurator
1667 1054 1759 1095 eius
1789 1055 1818 1096 t.
1847 1055 1886 1097 4.

322 1138 376 1178 32
404 1142 653 1178 VALERIVS
687 1142 862 1178 CAPITO
895 1142 1100 1192 praetura
1127 1135 1335 1189 (traditur
1356 1134 1648 1191 praefectura)
1681 1133 1868 1187 functus,
1898 1130 1955 1174 ab
1978 1129 2137 1187 Agrip-

406 1206 510 1261 pina
541 1206 583 1246 in
616 1204 794 1246 exilium
826 1211 969 1259 actus,
1007 1210 1104 1260 post
1134 1204 1263 1246 huius
1294 1204 1470 1246 caedem
1500 1219 1539 1246 a.
1571 1204 1626 1246 59
1655 1203 1878 1244 restitutus
1908 1215 1935 1243 a
1963 1199 2137 1242 Nerone

410 1275 507 1317 Tac.
541 1289 579 1318 a.
610 1278 675 1324 14,
706 1277 774 1317 12.

319 1345 373 1386 33
403 1350 653 1385 VALERIVS
683 1347 996 1384 CATVLLINVS
1028 1342 1107 1396 (sic
1124 1342 1197 1384 vit.
1221 1342 1328 1392 Sev„
1360 1342 1407 1384 in
1429 1342 1518 1383 vita
1540 1340 1643 1383 Did.
1666 1340 1751 1383 Iul.
1778 1339 1960 1393 sco-optor
1979 1337 2136 1381 codicis
2206 1354 2209 1355 ⁷

402 1412 599 1454 Palatini
619 1411 768 1465 posuit
793 1410 1018 1453 Catolinus
1046 1411 1170 1464 idque
1199 1411 1379 1453 mutavit
1408 1411 1455 1453 in
1475 1410 1735 1464 Catulinus),
1769 1424 1807 1452 a.
1832 1408 1914 1451 193
1945 1422 1972 1450 a
2001 1405 2134 1449 Didio

404 1480 572 1523 Iuliano
604 1494 829 1521 successor
859 1481 1016 1522 missus
1049 1479 1256 1536 Septimio
1290 1480 1452 1522 Severo
1484 1479 1668 1534 (scilicet
1697 1485 1746 1520 ut
1775 1479 1867 1520 eius
1894 1477 1988 1520 loco
2025 1477 2136 1520 Pan-

405 1550 577 1591 noniam
608 1549 875 1604 superiorem
905 1548 1196 1603 regeretyvit.
1227 1547 1332 1591 Did.
1365 1548 1450 1590 Iul.
1479 1550 1518 1598 5,
1553 1551 1589 1590 7.
1654 1547 1837 1590 Occisus
1867 1560 1894 1588 a
1924 1547 2135 1605 Septimio

405 1618 565 1661 Severo
595 1612 674 1660 vit.
700 1617 792 1660 ch.
824 1620 892 1668 13,
925 1620 963 1659 7.

320 1686 375 1727 34
406 1686 606 1728 Valerius
628 1685 887 1740 Catullinus,
920 1692 1175 1742 procurator
1195 1686 1309 1741 Aug.
1334 1687 1396 1740 (in
1422 1686 1579 1740 Dacia)
1601 1689 1630 1728 t.
1654 1685 1918 1740 Napocensis
1937 1685 2028 1730 III
2037 1689 2132 1732 857.

403 1755 608 1797 Fortasse
639 1755 702 1809 (at
722 1755 900 1797 coniecit
918 1754 1113 1809 Rhoden)
1143 1755 1270 1797 huius
1300 1758 1360 1797 est
1390 1754 1530 1809 tegmla
1551 1754 1915 1814 Sarmizcyetusae
1933 1769 2022 1810 rep.
2043 1752 2134 1799 III

405 1823 452 1866 S.
482 1826 605 1873 8075,
636 1826 675 1873 5,
708 1824 753 1865 in
784 1837 868 1877 qua
899 1827 982 1865 est:
1013 1823 1061 1866 C.
1094 1824 1147 1866 V.
1181 1823 1229 1866 C.
1262 1839 1327 1880 pr.
1362 1824 1447 1865 Au.

318 1903 372 1945 35
405 1909 657 1944 VALERIVS
701 1909 957 1945 CATVLLVS
999 1903 1217 1945 consulari
1260 1902 1426 1945 familia
1464 1903 1655 1958 iuvenis,
1703 1903 1862 1947 Graium
1902 1902 2132 1947 Caesarem
2217 1883 2219 1891 i

403 1977 644 2027 stupratum
675 1987 700 2013 a
730 1986 775 2013 se
807 1971 1053 2014 adfirmavit
1084 1972 1199 2015 Suet.
1229 1971 1322 2015 Gal.
1352 1975 1418 2014 36.
1465 1971 1670 2014 Fortasse
1699 1972 1737 2014 is
1765 1973 1842 2027 qui
1867 1973 2067 2027 sequitwr.

317 2051 371 2093 36
404 2051 685 2106 [VALERIVS]
720 2058 977 2094 CATVLLVS
1010 2051 1230 2108 pontifex,
1272 2051 1387 2094 filius
1425 2058 1473 2094 ut
1501 2052 1678 2094 videtur
1707 2053 1798 2095 eius
1829 2053 1905 2110 qui
1940 2054 2137 2110 sequitur
2202 2072 2236 2117 >f

402 2120 527 2175 (certe
558 2121 603 2161 in
635 2120 775 2162 eodem
804 2123 831 2163 t.
857 2123 958 2174 post
984 2135 1076 2162 earn
1103 2120 1362 2175 nominatus)
1393 2120 1519 2163 XIV
1530 2121 1654 2164 2095.

317 2200 370 2242 37
403 2233 524 2242 .....
567 2207 818 2242 VALERIVs
861 2201 1157 2254 CATVLL(vs)
1198 2201 1248 2244 L.
1289 2201 1319 2243 f.
1360 2201 1428 2254 (L.
1469 2201 1499 2245 f.
1541 2201 1792 2244 collocatum
1831 2204 1930 2244 ante
1977 2200 2140 2245 Valerii

401 2283 562 2319 nomen,
593 2272 640 2310 nt
671 2269 851 2311 alterurn
878 2270 1140 2323 yentiliciam
1161 2271 1444 2324 praecessisse
1475 2270 1716 2326 appareat),
1750 2270 1913 2325 consul,
1937 2271 2013 2327 qui
2034 2269 2135 2312 divo

403 2337 518 2391 Aug.
550 2338 737 2379 Lanuvii
779 2337 951 2380 titulum
994 2339 1140 2394 posuit
1169 2338 1295 2381 XIV
1314 2341 1445 2382 2095.
1506 2338 1640 2381 Pater
1668 2342 1717 2381 at
1749 2338 1915 2381 videtur
1943 2339 2035 2381 eius
2064 2338 2138 2394 qui

400 2406 632 2460 praecedit.
677 2405 883 2448 Fortasse
912 2420 997 2448 non
1027 2407 1215 2449 diversas
1236 2407 1338 2450 Sex.
1361 2407 1524 2449 Tedius
1544 2407 1746 2450 Valerius
1767 2406 1964 2450 Catullus
1986 2405 2137 2450 consul

403 2475 497 2516 suff.
529 2490 567 2516 a.
589 2475 639 2516 31
667 2475 744 2530 (cf.
775 2488 909 2529 snpra
938 2475 1013 2517 sab
1044 2474 1162 2530 hoc),·
1201 2478 1349 2517 natam
1379 2490 1472 2517 enm
1494 2476 1636 2530 possis
1666 2476 1852 2518 conicere
1880 2475 1933 2518 L.
1959 2474 2130 2519 Valerio

404 2541 570 2585 Catullo
600 2557 645 2584 co
677 2544 750 2596 qui
775 2544 976 2596 sequitur,
1010 2543 1260 2598 adoptatum
1291 2558 1319 2586 a
1349 2543 1447 2587 Sex.
1485 2544 1611 2586 Tedio
1643 2544 1798 2598 aliquo.

319 2622 372 2664 38
404 2629 449 2664 L.
489 2628 738 2664 VALERIVS
785 2630 1044 2665 OATVLLVS
1090 2624 1293 2665 triumvir
1335 2623 1563 2665 monetalis
1609 2623 1763 2665 mediis
1806 2623 1898 2665 fere
1941 2621 2129 2678 Augusti
2180 2613 2230 2687 f?

404 2689 667 2745 temporibus
698 2691 770 2745 (cf.
801 2691 1037 2734 Mommsen
1066 2691 1161 2734 hist.
1192 2706 1349 2734 numm.
1371 2707 1420 2746 p.
1442 2695 1522 2734 744
1550 2695 1635 2734 not.
1656 2691 1726 2745 15)
1754 2697 1951 2734 nummus
1977 2703 2131 2734 aeneus

405 2773 474 2811 ap.
505 2758 664 2800 Eckleel
693 2762 731 2809 5,
762 2763 854 2810 333,
873 2760 1081 2803 -Babelon
1110 2762 1328 2803 nzonnaies
1358 2761 1407 2802 dc
1437 2760 1482 2802 la
1510 2763 1598 2815 re'p.
1630 2774 1734 2802 rom.
1764 2760 1827 2802 ΙΙ
1842 2774 1891 2814 p.
1915 2761 2014 2803 524.

318 2837 372 2878 39
405 2838 453 2880 L.
475 2838 674 2879 Valerius
701 2838 908 2891 Catullus,
936 2840 984 2884 L.
1008 2840 1051 2894 fi,
1085 2847 1230 2882 statua
1259 2840 1494 2882 honoratus
1524 2855 1611 2882 una
1641 2855 1739 2882 cum
1765 2845 1903 2882 matre
1923 2838 2130 2881 Terentia

403 2905 608 2960 Hispulla
638 2921 663 2947 a
692 2907 851 2962 populo
883 2908 1139 2950 Atheniensi
1173 2908 1324 2951 CIAtt.
1355 2909 1445 2950 III
1466 2909 1563 2951 619¹>
1594 2909 1659 2963 (p.
1680 2907 1793 2962 498).
1838 2906 2045 2949 Diversus
2074 2904 2129 2948 ab

404 2988 449 3015 co
478 2974 552 3026 qm·
579 2975 810 3027 praecedit,
841 2977 881 3017 si
907 2980 1017 3018 recte
1042 2977 1341 3031 Dittcnberyer
1371 2977 1540 3019 titulum
1563 2976 1860 3019 Atheniensem
1882 2975 1969 3018 ‘vin
1987 2974 2132 3018 multis
2182 2977 2219 3031 ζέῗξ

404 3042 527 3083 annis
570 3046 666 3084 ante
704 3044 830 3097 finem
866 3046 1005 3098 primi
1033 3061 1082 3100 p.
1104 3045 1223 3088 Chr.
1260 3046 1435 3088 saccali'
1475 3046 1672 3101 (propter
1710 3046 1849 3100 Λουκ-,
1889 3058 1975 3087 non
2004 3043 2130 3088 Λευκ·
2182 3053 2216 3095 <ss-

404 3110 677 3164 scriptaram)
707 3111 883 3155 iudicat.

320 3202 374 3206 —
406 3183 511 3221 SEX.
544 3185 725 3220 TEDIVS
757 3186 1008 3223 VALERIVS
1042 3189 1315 3224 CATVLLVS.

320 3246 374 3286 40
405 3244 684 3300 [VALERIV]s
717 3253 971 3290 CATVLLVS
1002 3251 1348 3305 MEs[SAL1NV]s
1391 3251 1503 3292 inter
1542 3265 1699 3306 pueros
1732 3257 1977 3292 senatorum
2006 3249 2128 3304 filios,
2172 3222 2210 3277 Ᾰ

405 3314 478 3367 qui
520 3312 754 3356 Arvalibus
799 3316 1102 3360 ministrabant
1141 3334 1254 3360 anno
1290 3320 1367 3361 105
1409 3322 1490 3363 act.
1529 3318 1635 3361 Arv.
1668 3318 1763 3371 (VI
1781 3320 1893 3362 2075
1922 3318 2014 3360 Ιυ.
2043 3315 2130 3371 49).
2178 3320 2206 3401 Ῐμἶ

404 3379 608 3421 Fortasse
635 3395 763 3435 nepos
792 3385 880 3425 eins
910 3386 984 3437 qui
1011 3388 1211 3439 scqmtnr.
