2242 3672
0 765 11 781 gv
0 735 10 757 »u
0 551 19 727 ‘⁴'*['²4.'v‘'''-'⁸²,*'m-'3
0 499 7 540 ν
0 450 9 488 τ-ιι-
0 427 10 437 τ,
6 401 9 403 ,
0 361 2 363 ’
7 337 10 339 ,

228 267 494 305 STLAoosvs
1091 259 1175 303 275
1856 268 2049 305 sTRABo

313 401 356 442 in
387 398 567 442 Baetica
587 397 776 441 Caecilio
797 397 990 442 Classico
1022 389 1293 455 proconsule,
1326 405 1369 442 et
1398 401 1492 456 ipse
1521 406 1751 444 accusatus
1782 415 1808 442 a
1833 399 1976 443 Plinio
2007 408 2051 445 et

310 468 500 511 Lucceio
530 466 717 519 Albin0;
745 467 874 510 Italia
905 468 942 509 ei
975 468 1020 509 in
1052 467 1273 510 biennium
1302 468 1580 511 interdictum
1609 469 1730 512 Ptin.
1763 484 1825 524 ep.
1856 473 1896 521 3,
1918 473 1958 521 9,
1981 474 2047 513 18.

225 538 306 581 671
340 544 394 580 Μ.
429 542 699 579 STLACGIVS
739 542 956 578 ALBINVS
998 542 1315 579 TREBELLIVS
1359 544 1662 581 SALLVSTIVS
1703 545 1887 594 RVFVS,
1934 540 2049 582 inter

311 612 516 663 patronos
547 604 710 647 ordinis
741 605 947 646 senatorii
969 603 1140 659 collegii
1161 605 1383 647 cuiusdam
1408 605 1621 649 Ostiensis
1645 621 1684 651 a.
1708 607 1791 650 140
1811 606 1938 651 XIV
1948 611 2046 652 246.

226 676 310 720 672
343 674 554 719 Stlaccia:
597 673 700 716 eius‘
721 686 866 716 servus
896 673 1162 728 dispensator
1193 673 1262 716 VI
1285 677 1405 717 9364.
1465 674 1672 718 Fortasse
1700 676 1863 730 femina
1891 677 2049 720 nobilis

309 745 373 788 vel
403 746 511 787 certe
543 742 668 785 dives.

238 839 296 844 --
339 820 392 858 Μ.
423 817 720 854 PEDVCAEVS
754 816 948 852 STLOGA
978 817 1252 854 PRISCINVS.

237 908 295 913 —
339 890 380 927 C.
414 882 670 937 (LICINIVS)
704 886 894 923 CALVVS
929 886 1101 925 STOLO.

236 977 294 982 —
339 957 380 993 C.
414 950 673 1006 (LICINIVS)
706 955 877 993 STOLO.

235 1046 292 1052 —
337 1027 375 1062 P.
406 1025 625 1062 LICINIVS
660 1024 831 1062 STOLO.

235 1115 293 1120 —
336 1094 608 1131 MEsomIvs
641 1087 947 1141 STRA...(‘?).

222 1159 307 1203 673
338 1158 517 1212 Strabo,
555 1157 808 1200 Amasensis
839 1157 927 1211 ipse
954 1170 1095 1211 yeoyr.
1128 1160 1197 1207 12,
1228 1160 1267 1207 3,
1298 1160 1364 1200 15.
1397 1161 1452 1200 39
1473 1172 1522 1212 p.
1543 1161 1637 1204 457.
1669 1162 1763 1210 561,
1804 1159 2046 1214 Stephanus

308 1227 414 1282 Byz.
454 1240 488 1269 S.
528 1240 565 1268 v.
608 1223 814 1282 Ἀμάσεια,
864 1225 1025 1268 Suidas
1061 1238 1094 1267 s.
1134 1239 1170 1267 v.
1212 1226 1402 1283 Στράβων
1443 1230 1483 1268 et
1523 1226 1717 1284 Πολύβιος
1753 1230 1791 1282 (ὁ
1824 1227 2045 1274 Καππάδοξ

307 1295 471 1350 Ioseph.
498 1298 586 1338 ant.
606 1298 671 1346 13,
696 1298 759 1345 10,
781 1297 820 1336 4.
853 1297 918 1344 14,
938 1296 978 1344 3,
1000 1297 1039 1337 1.
1070 1296 1136 1344 14,
1157 1296 1197 1344 8,
1220 1296 1263 1338 3.
1290 1297 1356 1347 15,
1377 1298 1415 1345 1,
1438 1298 1482 1346 2,
1515 1309 1548 1338 c.
1570 1295 1656 1350 Ap.
1678 1299 1722 1347 2,
1746 1297 1804 1349 7).
1854 1297 2045 1338 Paterna

308 1366 439 1422 stirps
471 1366 644 1419 ignota3
685 1363 740 1405 de
780 1369 910 1418 gente
939 1363 1091 1404 matris
1121 1363 1212 1417 ipse
1240 1366 1307 1413 10,
1333 1367 1371 1413 4,
1394 1367 1448 1405 10
1468 1378 1518 1418 p.
1541 1368 1634 1409 477.
1667 1368 1736 1416 12,
1758 1368 1796 1416 3,
1818 1368 1873 1408 33
1893 1380 1943 1420 p.
1963 1366 2045 1408 557

305 1435 360 1488 cf.
383 1438 448 1485 11,
471 1437 514 1485 2,
537 1435 592 1476 18
612 1447 661 1488 p.
682 1436 778 1475 499.
841 1432 1007 1475 Natum
1037 1445 1123 1474 esse
1155 1432 1412 1475 Strabonem
1443 1447 1555 1476 anno
1584 1448 1625 1476 u.
1659 1448 1693 1477 c.
1722 1437 1805 1477 693
1833 1434 2045 1477 subtiliter

304 1503 471 1558 colleyit
493 1502 622 1545 Niese
642 1501 789 1545 Herm.
810 1504 876 1555 13,
899 1503 1010 1543 1878
1032 1515 1080 1555 p.
1100 1504 1156 1544 38
1175 1515 1271 1555 seq„
1295 1515 1401 1544 mus.
1423 1501 1560 1544 Rhen.
1583 1505 1650 1554 38,
1672 1506 1782 1546 1883
1793 1518 1841 1558 p.
1858 1506 1942 1546 567
1961 1516 2041 1557 seq.

304 1586 354 1615 ex
394 1572 454 1615 eis
492 1585 600 1626 quae
638 1572 729 1626 ipse
760 1571 928 1626 partim
950 1569 1104 1625 paullo
1135 1573 1233 1613 ante
1262 1583 1343 1612 sua
1373 1574 1564 1626 tempora
1596 1571 1752 1629 (μικρὸν
1784 1574 1860 1630 πρὸ
1892 1572 2041 1629 ἡμῶν),

298 1642 468 1697 partim
496 1642 586 1684 suis
616 1641 874 1696 temporibus
896 1638 1008 1696 (καθ’
1028 1639 1153 1697 ἡμᾶς)
1176 1640 1222 1682 in
1241 1639 1548 1695 Paphlayonia
1574 1645 1613 1684 et
1635 1641 1818 1684 Galatia
1839 1641 2043 1684 accidisse

299 1714 457 1753 narrat
481 1724 621 1765 yeoyr.
653 1713 724 1760 12,
752 1713 792 1760 3,
825 1713 878 1752 41
902 1724 951 1763 p.
971 1711 1057 1752 562
1087 1712 1127 1751 et
1155 1712 1225 1760 12,
1255 1711 1295 1760 5,
1323 1713 1349 1751 1
1370 1724 1420 1764 p.
1441 1712 1535 1753 567.
1569 1735 1620 1740 -—
1656 1710 1841 1767 Scripsit
1871 1712 2043 1767 ὑπομνη-

302 1783 439 1837 μάτων
461 1782 666 1837 ἱστορικῶν
691 1779 767 1834 (sic
797 1779 887 1834 ipse
905 1792 1045 1834 9e09r.
1069 1782 1093 1820 1
1116 1793 1163 1833 p.
1185 1782 1252 1829 13,
1284 1782 1336 1821 11
1359 1794 1406 1833 p.
1430 1781 1523 1830 515,
1548 1779 1665 1822 Plut.
1688 1780 1792 1824 Duc.
1816 1778 1889 1833 28)
1908 1778 2041 1820 libros

290 1849 593 1906 ‚quadraginta
614 1855 778 1905 septem
800 1849 889 1903 ipse
903 1862 1043 1903 yeoyr.
1061 1851 1114 1890 11
1126 1849 1266 1902 p.515
1287 1849 1342 1902 cf.
1357 1848 1519 1891 Suidas
1539 1862 1572 1891 s.
1588 1862 1623 1891 v.
1649 1848 1857 1908 Πολύβιος,
1881 1847 2041 1905 quibus

302 1924 346 1960 et
380 1918 434 1960 de
469 1917 599 1960 rebus
632 1917 876 1960 Alexandri
912 1917 1064 1972 Magni
1107 1917 1196 1972 egit
1235 1917 1325 1971 ipse
1356 1931 1497 1972 yeoyr.
1527 1921 1560 1961 2
1582 1932 1630 1972 p.
1653 1920 1721 1969 70,
1756 1918 1857 1960 inde
1897 1924 2040 1960 autem

266 1986 328 2028 la
356 1985 467 2029 libro
498 1987 651 2043 quinto
673 1985 908 2042 Polybium
935 1986 1207 2028 continuavit
1233 1989 1287 2028 11
1309 2000 1358 2040 p.
1379 1988 1483 2038 515,·
1512 1986 1675 2030 Suidas
1703 2000 1737 2029 s.
1768 2000 1804 2030 v.
1833 1986 2039 2044 Πολύβιος,

300 2070 408 2112 quos
437 2055 575 2098 libros
607 2055 901 2098 adhibuerunt
920 2055 1125 2110 Iosephus
1149 2058 1189 2097 et
1212 2054 1477 2098 Plutarchus
1504 2056 1763 2111 (fraqmenta
1788 2055 2042 2111 colleqerunt

302 2123 344 2168 Ο.
369 2125 532 2167 Μᾱῐῐεν
552 2126 708 2179 fraqm.
730 2124 827 2167 hist.
848 2123 1001 2167 Graec.
1022 2125 1112 2166 III
1124 2139 1172 2179 p.
1195 2127 1274 2167 490
1288 2138 1385 2179 seq„
1409 2128 1448 2167 et
1466 2139 1602 2179 nuper
1621 2124 1673 2167 P.
1702 2125 1798 2168 Otto
1818 2125 2041 2180 Leipeiyer

300 2193 477 2236 Studien
494 2207 529 2238 e.
552 2194 673 2236 class.
697 2193 857 2236 Philet.
878 2193 958 2236 vol.
980 2193 1065 2244 XI,
1087 2196 1196 2237 1889
1218 2193 1450 2249 Supplem.)
1462 2207 1475 2246 ;
1503 2201 1729 2251 praeterea
1748 2198 2039 2251 γεωγραφικῶν

299 2262 433 2305 libros
454 2263 590 2305 XVII
611 2264 685 2319 qui
716 2269 889 2320 extant3
922 2263 1077 2305 horum
1107 2262 1268 2305 librum
1298 2269 1503 2320 quartum
1534 2264 1709 2319 scripsit
1737 2264 1862 2305 tertio
1896 2270 1938 2304 et
1967 2263 2039 2304 tri-

301 2332 459 2374 cesimo
487 2346 612 2387 anno,
646 2338 875 2388 postquam
899 2331 1102 2374 Tiberius
1126 2338 1168 2374 et
1189 2332 1363 2375 Drusus
1383 2338 1536 2387 gentes
1557 2331 1742 2389 Alpinas
1768 2332 2035 2386 devicerunt,

300 2401 327 2444 i.
355 2416 390 2443 e.
415 2416 453 2444 a.
482 2415 523 2457 p.
550 2400 654 2444 Chr.
680 2401 777 2443 18s9
805 2400 876 2455 (cf.
907 2401 1035 2443 Niese
1061 2401 1208 2444 Herm.
1237 2404 1291 2443 13
1312 2416 1360 2457 p.
1384 2401 1452 2456 34)
1487 2405 1527 2452 4,
1550 2405 1588 2453 6,
1611 2405 1637 2444 9
1659 2416 1708 2455 p.
1735 2404 1834 2453 206,
1877 2400 2038 2442 librum

299 2476 471 2512 sextum
501 2476 602 2512 ante
627 2477 808 2513 mortem
837 2471 1090 2514 Germanici
1116 2470 1283 2525 (mense
1309 2459 1406 2514 Oct.
1434 2472 1504 2526 19)
1530 2474 1556 2514 6
1584 2486 1626 2526 p.
1648 2473 1736 2514 288
1760 2471 1850 2525 fin„
1876 2468 2036 2511 librum

298 2545 443 2581 autem
460 2539 675 2581 decimum
697 2540 930 2595 septimum
950 2539 1093 2595 paullo
1117 2546 1215 2596 post
1235 2546 1417 2582 mortem
1435 2539 1573 2583 Iubae
1589 2541 1717 2595 regis,
1736 2554 1847 2595 quae
1862 2538 2038 2581 videtur

299 2609 495 2650 evenisse
516 2623 553 2651 a.
572 2609 627 2651 23
643 2611 709 2659 17,
726 2611 765 2659 3,
784 2612 812 2650 7
822 2623 870 2663 p.
887 2611 999 2660 828;
1029 2610 1204 2665 scripsit
1225 2616 1370 2652 autem
1393 2610 1556 2652 Romae
1577 2613 1642 2660 13,
1660 2612 1698 2660 1,
1716 2612 1769 2652 19
1783 2623 1831 2663 p.
1847 2610 1930 2651 590
1947 2610 2035 2658 cet„

298 2677 353 2730 cf.
388 2676 517 2720 Niese
541 2677 689 2720 Herm.
720 2681 776 2720 13
801 2692 849 2732 p.
874 2680 940 2720 36.
1008 2678 1132 2720 Vidit
1171 2679 1219 2720 P.
1261 2678 1495 2721 Servilium
1539 2679 1734 2720 Isauriae
1773 2677 2036 2720 devictorem

299 2745 558 2799 (defunctum
590 2760 629 2788 a.
653 2745 750 2801 710)
781 2749 851 2797 12,
879 2750 918 2799 6,
943 2750 975 2790 2
995 2762 1044 2801 p.
1070 2750 1164 2790 568.
1217 2746 1435 2802 Cognovit
1465 2747 1546 2790 On.
1574 2747 1779 2789 Pisonem
1810 2745 2037 2798 (consulem

297 2829 337 2857 a.
367 2817 461 2865 747,
493 2828 627 2869 supra
654 2814 691 2858 G
708 2818 810 2871 230)
842 2819 886 2868 2,
906 2818 946 2867 5,
966 2819 1020 2858 33
1041 2831 1090 2871 p.
1112 2819 1211 2858 130.
1273 2815 1519 2859 Familiaris
1548 2815 1662 2858 Aelii
1695 2814 1812 2858 Galli
1843 2818 1885 2865 2,
1913 2817 1951 2865 5,
1978 2817 2036 2858 12

290 2898 339 2938 p.
361 2886 454 2934 118,
483 2898 613 2940 quem
634 2883 901 2940 praefectum
925 2884 1117 2941 Aegypti
1146 2886 1375 2928 comitatus
1407 2892 1472 2927 est
1500 2886 1545 2927 in
1568 2885 1837 2941 provinciam
1861 2883 2032 2939 Syenen

294 2967 434 3008 usque
477 2953 560 3003 ib.,·
603 2955 661 2994 17
689 2967 737 3007 p.
770 2955 864 2995 804.
905 2956 1001 2996 806.
1042 2956 1139 2995 808.
1181 2956 1276 2997 816.
1308 2957 1392 2996 818
1431 2954 1529 3009 (iter
1567 2966 1690 2995 suum
1722 2952 2034 3006 Aeyyptiacum

293 3025 499 3063 memorat
539 3022 668 3063 etiam
697 3025 749 3064 11
781 3037 829 3076 p.
860 3023 970 3076 518).
1033 3022 1103 3064 De
1144 3022 1239 3064 aliis
1278 3022 1507 3065 itineribus
1549 3021 1776 3064 Strabonis
1817 3021 1871 3073 cf.
1907 3019 2034 3061 Niese

278 3089 442 3132 ·Herm.
464 3093 518 3132 13
539 3105 587 3144 p.
611 3093 664 3132 41
685 3104 767 3144 seq.
819 3091 905 3147 Ipsi
940 3106 1114 3147 quoque
1144 3091 1344 3146 Augusto
1375 3097 1503 3133 notus
1530 3090 1727 3132 Macrob.
1748 3091 1828 3130 sat.
1851 3092 1894 3138 2,
1917 3091 1956 3138 4,
1978 3090 2032 3130 19

296 3158 447 3213 (alium
476 3158 727 3202 Strabonem
757 3160 999 3215 siqnificari
1026 3174 1112 3202 non
1143 3160 1424 3209 crediderim).

210 3226 295 3269 674
327 3233 520 3269 STRABO
549 3234 865 3270 AEMILIANVS
899 3229 977 3282 (sic
1008 3231 1088 3271 act.
1121 3228 1225 3272 Arv.
1259 3232 1298 3271 et
1327 3228 1549 3283 ApuleiuS,
1587 3226 1660 3268 sed
1688 3225 1756 3267 hic
1779 3224 2033 3279 procedente

295 3297 487 3338 oratione
507 3296 777 3339 Aemilianus
799 3296 977 3352 Strabo)
1015 3298 1165 3340 consul
1196 3298 1403 3340 suffectus
1434 3310 1583 3339 mense
1603 3295 1731 3336 Mart.
1756 3309 1794 3335 a.
1820 3293 1901 3335 156
1932 3307 2030 3334 cum

296 3363 348 3406 A.
381 3363 546 3408 Avillio
578 3365 779 3408 Urinatio
810 3366 1035 3419 Quadrato
1068 3370 1149 3409 act.
1180 3366 1286 3410 Arv.
1350 3366 1448 3408 ‘Vir
1479 3363 1728 3415 consularis,
1765 3361 1885 3403 brevi
1917 3361 2029 3403 votis

1684 3429 1752 3466 18*
