2242 3672
277 222 516 258 SATVRIVS
1136 208 1218 252 176
1730 181 1731 184 ¹
1767 210 2080 248 SATVRNINVS

280 353 360 396 157
393 352 590 395 Saturius
622 350 699 403 (sio
724 361 835 403 pars
863 346 1063 395 codicum,
1096 344 1170 387 sed
1197 344 1243 386 in
1274 336 1442 398 optimis
1471 345 1532 385 est
1566 342 1727 397 Satur),
1760 342 1934 385 decurio
1966 341 2083 385 eubi-

365 420 638 472 culariorum,
668 419 780 458 inter
801 414 1096 457 interfectores
1118 412 1357 454 Domitiani
1379 411 1497 455 Suet.
1518 410 1645 454 Dom.
1667 414 1733 455 17.
1770 410 1840 465 Cf.
1861 411 1984 465 infra
2005 410 2081 453 sub

363 490 526 543 Siqero.

280 558 358 599 158
392 557 587 600 Saturius
617 555 803 606 Firmus,
835 565 970 606 gener
1001 549 1140 591 Asinii
1172 549 1283 603 Rufi,
1322 547 1464 591 Plinio
1496 563 1622 590 carus
1654 548 2084 602 Plin.e1o.4,15,3.

290 650 346 655 —-
388 623 578 676 AEL(IA)
612 626 912 664 SATVRNINA
1334 642 1336 644 ψ

289 719 346 723 -
388 697 615 734 ΑΝΤΟΝΙΑ
646 694 949 732 SATVRNINA.

289 787 345 791 —
388 767 571 802 FVLVIA
603 763 902 801 SATVRNINA.

280 830 360 871 159
392 833 704 870 SATVRNINVS
745 826 814 867 vir
858 824 1037 879 nobilis3
1081 825 1262 866 maritus
1307 821 1538 876 Paulinae,
1585 837 1697 879 quae
1740 829 1781 864 et
1825 822 1920 879 ipsa
1959 818 2087 862 claris

362 896 597 948 natalibus3
639 895 814 937 Tiberio
855 893 995 935 defert
1035 891 1173 934 scelus
1214 893 1257 937 in
1298 890 1525 934 Paulinam
1555 907 1581 933 a
1611 891 1747 933 Decio
1779 888 1944 933 Mundo
1974 903 2086 932 com-

361 966 536 1006 missum
569 963 733 1018 Ioseph.
767 966 855 1005 ant.
885 965 951 1012 18,
983 965 1022 1012 3,
1054 965 1093 1004 4.
1153 961 1434 1016 (Saturninus
1464 961 1646 1002 maritus
1676 959 1881 1011 Fulviae,
1913 956 2088 1000 Tiberio

363 1033 502 1075 defert
546 1032 745 1074 fraudem
789 1037 941 1072 contra
984 1029 1186 1072 Fulviam
1233 1045 1260 1071 a
1299 1029 1471 1071 Iudaeis
1515 1028 1776 1085 quibusdam
1819 1027 2089 1070 commissam

362 1103 415 1145 ib.
444 1089 508 1151 18,
533 1104 572 1151 3,
593 1104 632 1143 5.
693 1099 931 1142 Probabile
962 1102 1042 1149 est,
1086 1098 1219 1141 altero
1251 1098 1339 1140 loeo
1370 1097 1600 1141 Saturnini
1627 1111 1777 1140 nomen
1806 1109 1948 1139 errore
1971 1095 2089 1151 posi-

360 1174 444 1212 tum
476 1171 591 1224 osso.)
636 1169 840 1211 Fortasse
868 1181 978 1210 unus
1004 1181 1054 1210 eso
1075 1167 1237 1211 Sentiis
1258 1166 1508 1210 Saturninis
1538 1166 1660 1220 infra
1689 1179 1730 1208 n.
1753 1166 1968 1208 294..295.
1989 1165 2088 1220 297.

279 1241 358 1283 160
391 1272 567 1282 .......
609 1236 954 1292 SATVRNI[NVS]
998 1237 1065 1291 (ex
1100 1235 1317 1290 yentilicio
1352 1242 1381 1276 P
1421 1238 1586 1278 tantum
1626 1234 1771 1276 littera
1813 1227 1984 1276 enotata
2013 1230 2089 1286 est)

365 1307 513 1350 consul
554 1307 759 1349 suffectus
799 1306 908 1361 (oum
951 1304 1215 1347 Mamiliano
1253 1303 1436 1359 quodam
1473 1307 1521 1346 ut
1549 1303 1726 1354 videtur,
1765 1316 1900 1357 supra
1931 1301 1991 1344 M
2015 1299 2088 1355 92)

361 1375 623 1432 temporibus
654 1375 832 1418 Traiani
862 1374 972 1428 fasti
999 1375 1079 1428 fer.
1101 1374 1199 1416 Lat.
1232 1373 1431 1429 (fortasse
1462 1387 1574 1415 anno
1600 1375 1694 1423 103,
1726 1372 1781 1426 of.
1803 1384 1936 1425 supra
1965 1369 1990 1413 l.
2023 1369 2089 1424 6.).

367 1445 446 1488 Vix
475 1445 584 1487 idem
614 1444 841 1499 Pompeius
871 1443 1135 1487 Saturninus
1166 1443 1328 1485 amicus
1358 1441 1501 1485 Plinii
1530 1441 1679 1497 (supra
1709 1440 1753 1483 P
1777 1442 1889 1491 491).

280 1515 354 1557 161
390 1547 570 1558 .......
612 1519 926 1556 SATVRNINVS
969 1512 1245 1568 (qentilioiwm
1283 1511 1331 1554 in
1370 1514 1398 1555 t.
1442 1509 1626 1565 erasum)
1669 1509 1748 1554 Cn.
1780 1509 1832 1564 fi,
1875 1513 2089 1565 quaestor,

365 1583 562 1626 tribunus
593 1582 743 1639 plebis,
777 1588 950 1638 praetor
981 1614 1017 1624 ..
1036 1614 1045 1624 .
1078 1584 1104 1623 t.
1138 1580 1351 1635 Saepinas
1379 1579 1460 1623 IX
1484 1582 1610 1622 2460.

281 1654 362 1696 162
396 1658 708 1695 SATVRNINVS
758 1652 962 1708 ‘optimus
1008 1650 1167 1693 ducum
1213 1648 1402 1693 Gallieni
1454 1648 1682 1705 temporiS,
1735 1646 1812 1689 sed
1856 1645 2090 1689 Valeriano

365 1721 578 1775 dilectus'3
602 1728 716 1762 ‘eum
736 1719 1062 1762 dissolutionem
1085 1718 1274 1762 Gallieni
1301 1717 1416 1760 ferre
1446 1732 1532 1759 non
1560 1722 1704 1773 posset
1736 1748 1745 1758 .
1763 1748 1772 1758 .
1790 1748 1801 1759 .
1819 1747 1852 1770 .,
1883 1713 1938 1756 ab
1969 1727 2090 1757 exer-

367 1789 523 1832 citibus
546 1789 728 1846 sumpsit
748 1789 1018 1845 imperium'3
1041 1804 1067 1830 a
1086 1786 1297 1830 militibus
1322 1786 1455 1843 ‘quod
1477 1792 1588 1828 esset
1607 1785 1846 1840 gravioret
1867 1782 2090 1837 severior',

366 1860 530 1900 occisus
562 1859 656 1913 triy.
683 1861 760 1912 tyr.
781 1860 851 1901 23.
898 1857 1112 1899 Diversus
1143 1872 1169 1898 a
1191 1856 1426 1899 Saturnino
1458 1855 1533 1911 qui
1563 1854 1696 1897 Probi
1724 1851 1991 1908 temporibus
2011 1850 2094 1894 fuit

364 1928 432 1969 vit.
455 1926 594 1969 Firm.
617 1927 793 1970 Saturn.
817 1929 890 1970 oet.
912 1929 979 1976 11,
1003 1929 1041 1968 1.
1094 1925 1362 1967 Memoratur
1380 1925 1452 1966 vit.
1482 1923 1668 1966 Gallien.
1688 1924 1726 1972 9,
1748 1925 1788 1966 1.

283 1997 363 2038 163
395 2002 704 2038 SATVRNINVS
737 1994 887 2037 consul
917 1993 1007 2036 ord.
1040 2009 1078 2036 a.
1102 1994 1186 2036 264
1217 2008 1315 2035 eum
1341 1992 1538 2037 Gallieno
1571 1997 1742 2033 sextum
1771 1989 1883 2032 fasti.

285 2066 366 2107 164
396 2070 707 2107 SATVRNINVS
738 2065 808 2106 vir
838 2063 1101 2105 clarissimus
1131 2062 1383 2116 resori‘jotum
1402 2060 1635 2103 Aureliani
1653 2059 1742 2102 cod.
1763 2058 1871 2101 Iust.
1892 2060 1932 2108 5,
1956 2059 2024 2107 72,
2045 2059 2092 2099 2.

283 2134 363 2176 165
396 2139 709 2175 SATVRNINVS
741 2133 809 2174 vir
838 2131 1103 2174 clarissimus
1123 2131 1237 2186 Eph.
1260 2145 1322 2185 ep.
1345 2133 1384 2181 8,
1405 2133 1499 2173 839.

284 2203 363 2244 166
395 2207 707 2244 SATVRNINVS
749 2201 918 2255 origine
945 2200 1127 2242 Maurus
1158 2199 1316 2242 Zosim.
1347 2202 1385 2249 1,
1419 2202 1484 2249 66,
1517 2197 1677 2240 Zonar.
1710 2199 1779 2246 12,
1810 2198 1882 2245 29,
1923 2193 2092 2249 origine

365 2270 518 2314 Gallus
538 2271 610 2312 vit.
631 2269 777 2312 Firmi
797 2269 1030 2312 Saturnini
1050 2271 1122 2311 oet.
1147 2271 1183 2318 7,
1217 2268 1359 2310 Probo
1391 2267 1641 2323 imperatori
1667 2264 1796 2311 valde
1826 2262 2094 2305 necessarius

368 2339 522 2381 Zosim.
553 2338 579 2381 l.
613 2353 669 2389 6.,
702 2338 863 2381 Zonar.
895 2338 922 2381 l.
956 2352 1013 2388 6.,
1057 2343 1100 2379 et
1139 2336 1193 2379 ab
1232 2351 1281 2378 eo
1315 2336 1469 2393 Syriae
1508 2334 1780 2392 praepositus
1811 2332 1969 2375 Zosim.
2002 2331 2028 2374 l.
2058 2344 2092 2374 ο.

368 2406 647 2461 (Aurelianus
690 2409 728 2449 ei
769 2406 916 2449 limitis
956 2405 1175 2448 orientalis
1218 2404 1424 2447 ducatum
1454 2403 1575 2447 dedit
1603 2404 1675 2445 vit.
1708 2402 1802 2446 Sat.
1830 2404 1866 2452 7,
1888 2401 1949 2455 2).
2009 2397 2094 2455 (De

366 2477 455 2518 vita
476 2477 564 2518 eius
584 2477 807 2527 anteriore,
837 2477 909 2518 va.
934 2475 1110 2519 Saturn.
1133 2478 1199 2525 10,
1221 2478 1260 2517 4.
1289 2478 1328 2525 9,
1349 2477 1407 2529 5.)
1453 2473 1663 2528 Magister
1684 2471 1912 2523 exercitus,
1936 2481 2094 2510 novam

370 2546 587 2587 civitatem
617 2545 872 2587 Antiochiae
904 2559 1027 2586 orsus
1069 2543 1254 2586 condere
1281 2543 1566 2597 Hieronymus
1606 2540 1746 2584 chron.
1789 2538 1847 2582 ad
1885 2552 1925 2582 a.
1954 2539 2096 2587 2297;

371 2612 586 2667 Synoollus
609 2628 655 2667 Ρ
677 2616 731 2656 7
712 2616 761 2655 93
781 2612 883 2666 (sub
913 2627 1024 2655 anno
1054 2615 1170 2654 sexto
1201 2611 1366 2665 Probi).
1416 2610 1654 2666 Imperium
1685 2609 1731 2650 in
1763 2605 1959 2650 Oriente
1973 2619 2094 2648 usur-

373 2696 477 2736 pare
497 2688 687 2735 conatus,
722 2681 797 2722 sed
818 2697 844 2723 a
865 2681 1007 2723 Probo
1031 2694 1261 2737 oppressus
1282 2679 1470 2732 Eutrop.
1495 2681 1533 2728 9,
1555 2681 1622 2728 17,
1655 2677 1796 2719 Victor
1824 2674 1944 2718 Caes.
1965 2676 2034 2724 37,
2054 2675 2094 2724 3,

372 2750 468 2803 epit.
501 2752 567 2799 37,
601 2753 643 2799 2,
676 2749 794 2793 Oros.
819 2753 856 2800 7,
878 2753 947 2800 24,
969 2753 1008 2800 3,
1040 2764 1066 2791 a
1095 2747 1304 2790 militibus
1337 2748 1502 2789 occisus
1534 2746 1693 2789 Zonar.
1726 2745 1753 2787 l.
1785 2758 1833 2795 c„
1865 2748 2097 2799 antequam
2141 2788 2144 2792 .

374 2817 540 2859 Probus
572 2819 811 2859 exereitum
851 2825 1002 2860 eontra
1040 2832 1137 2859 eum
1168 2816 1367 2869 duceret,
1409 2831 1435 2858 a
1463 2814 1672 2857 militibus
1709 2812 1901 2857 Orientis
1931 2811 2097 2853 occisus

373 2886 527 2927 Zosine.
558 2885 584 2927 l.
617 2900 663 2935 o,
705 2886 925 2975 Apameae
961 2902 986 2928 a
1014 2887 1101 2928 suis
1134 2886 1299 2928 ooeisus
1331 2883 1511 2939 Synoell.
1541 2883 1567 2925 l.
1600 2897 1647 2933 c„
1679 2881 1901 2943 Apameae
1931 2879 2097 2922 occisus

372 2954 617 3007 Hieronym.
641 2953 667 2995 l.
696 2968 751 3004 o.,
786 2955 828 2995 in
860 2961 1000 2996 castro
1033 2954 1220 3010 quodam
1248 2952 1302 2994 ab
1333 2954 1381 3008 is,
1411 2967 1519 3009 quos
1540 2951 1709 2994 Probus
1739 2950 1927 3002 miserat,
1960 2946 2096 2989 invito

373 3021 514 3063 Probo
556 3021 773 3075 iugulatus
804 3023 874 3064 vit.
909 3022 1085 3066 Saturn.
1107 3026 1173 3072 11,
1204 3025 1232 3063 3
1263 3022 1308 3076 (a
1332 3021 1470 3063 Probo
1503 3021 1650 3062 ‘variis
1680 3017 1942 3075 proeliorum
1969 3028 2098 3070 gene-

373 3090 506 3131 ribus‘
538 3096 763 3145 superatus
800 3090 870 3133 va.
908 3090 1045 3132 Probi
1079 3093 1156 3140 18,
1184 3091 1241 3144 4).
1311 3089 1578 3131 Memoratur
1617 3087 1775 3129 Polem.
1815 3084 1920 3129 Silv.
1953 3083 2095 3126 latero.

375 3158 532 3209 (chron.
554 3158 654 3200 min.
677 3157 737 3199 ed.
757 3158 950 3201 Momms.
973 3159 1006 3200 I
1019 3173 1067 3212 Ρ.
1085 3158 1203 3212 522).
1228 3182 1278 3187 --
1301 3157 1446 3200 Huius
1463 3160 1510 3199 ut
1529 3156 1694 3198 videtur
1712 3166 1906 3197 nwmmus
1929 3163 2095 3201 aureuS,

375 3227 447 3279 qui
474 3240 607 3280 nuper
629 3225 807 3279 prodiit,
841 3239 933 3267 oum
964 3227 1099 3279 capite
1128 3226 1399 3280 imperatoris
1429 3228 1467 3268 et
1493 3224 1790 3277 insoripiione:
1819 3222 1922 3276 imp.
1945 3218 1992 3263 O.
2013 3217 2096 3261 Iul.

376 3295 636 3337 Saturninus
664 3293 775 3348 Aug.
809 3292 940 3345 (vento
971 3294 1154 3336 Serrure
1183 3297 1241 3337 29
1272 3294 1360 3337 Oct.
1383 3296 1489 3336 1895
1499 3306 1513 3344 ,·
1541 3291 1630 3334 vidi
1657 3291 1876 3346 eotypum).
