2242 3672
148 248 383 286 VITORIVS
795 258 809 271 ·
1016 248 1101 291 455
1468 266 1470 268 ·
1699 253 1967 292 VITRASIVS

149 381 232 424 518
262 387 303 424 C.
324 386 559 424 VITORIVS
589 387 824 425 HOSIDIVS
856 389 990 425 GETA
1021 382 1099 436 (sie
1119 385 1248 439 plene
1270 387 1438 441 passim
1463 387 1509 430 in
1536 387 1643 430 actis
1662 386 1768 431 Arv.
1796 401 1836 430 a.
1857 389 1968 438 120,-

237 449 351 493 Geta
377 450 533 504 Quint„
556 449 702 507 Stat),
734 451 940 507 parvolus
961 452 1075 495 filius
1097 454 1255 496 Vitorii
1278 454 1474 497 Marcelli
1506 455 1617 510 (eius
1647 457 1722 513 qui
1753 454 1967 512 sequitur)

236 519 347 563 Stat.
368 519 460 562 silv.
489 522 529 570 4,
559 522 599 570 4,
630 521 690 562 62
720 519 779 575 (a.
809 519 893 575 95),
931 521 1184 574 Quintilian.
1215 523 1313 566 inst.
1342 527 1368 566 1
1389 538 1463 578 pr.
1495 527 1532 567 6.
1592 525 1749 567 Frater
1778 521 1966 577 A1·valis‚

237 593 465 645 cooptatus
510 601 625 630 anno
664 588 767 643 118,
815 591 1023 644 magister
1064 590 1251 634 fratrum
1295 607 1333 635 a.
1376 594 1459 635 120
1505 596 1585 637 aet.
1623 594 1728 638 Arv.
1774 593 1863 649 (vix
1900 592 1968 635 hie

235 660 495 700 memoratur
522 657 570 699 in
598 657 839 711 fraymento
870 661 1061 700 aetorum
1091 660 1202 713 quod
1229 664 1390 714 spectat
1417 662 1476 704 ad
1495 666 1674 705 aetatem
1696 662 1761 707 M
1784 660 1967 711 Aurelii,

237 724 307 768 VI
316 728 431 770 2091
455 739 493 769 v.
511 728 540 768 7
558 745 614 761 =
634 725 808 769 Heneen
828 730 909 770 aet.
931 726 1037 768 Arv.
1050 742 1099 781 p.
1119 727 1391 784 CLXXVI).
1432 730 1544 773 Eius
1565 730 1740 774 libertus
1760 729 1968 773 Hosidius

235 792 460 837 Achilleus
499 794 674 838 kalator
712 794 898 838 fratrum
938 794 1167 838 Arvalium
1209 800 1290 840 aet.
1330 798 1434 841 Arv.
1478 800 1583 841 anni
1611 803 1696 843 120
1734 813 1770 844 v.
1801 801 1868 842 58.
1900 801 1967 841 61.

235 862 443 906 Fortasse
472 863 562 906 eius
591 876 743 906 servus
766 862 1068 920 Apolau<stus)
1100 863 1154 908 Gr.
1188 865 1241 908 V.
1274 866 1331 908 H.
1364 867 1418 910 G.
1450 866 1583 922 (Gaii
1611 867 1768 910 Vitorii
1794 866 1971 910 Hosidii

233 931 385 987 Getae)
415 932 580 987 teyulae
609 932 805 975 Histonii
831 947 934 987 rep„
965 933 1041 975 IX
1068 936 1189 988 6078,
1220 937 1285 977 35.

150 1001 235 1044 519
265 1006 504 1045 VITORIVS
535 1006 841 1043 MARCELLVS
877 1001 1129 1055 (Marcellus
1166 1002 1308 1055 Quint.
1342 1017 1519 1058 procem.
1558 1004 1616 1047 ad
1646 1004 1816 1059 Tryph„
1854 1005 1968 1048 Stat.

237 1070 329 1115 silv.
349 1074 378 1113 4
398 1070 560 1125 praef„
591 1074 630 1122 4,
662 1074 702 1121 4,
736 1073 776 1113 9.
805 1072 869 1113 78.
897 1073 976 1121 99,
1005 1070 1227 1112 Victorius
1258 1071 1488 1114 Marcellus
1520 1073 1708 1115 traditur
1737 1072 1846 1117 Stat.
1877 1073 1968 1117 silv.

236 1142 276 1190 4,
297 1141 326 1182 4
353 1140 495 1190 inser„
527 1138 761 1182 Marcellus
792 1139 1015 1181 Victorius
1042 1139 1303 1192 Quinti'liani
1333 1140 1492 1183 eodiees
1520 1142 1784 1193 recentiores,
1817 1142 1876 1185 M.
1907 1141 1971 1184 vel

238 1207 416 1251 Marcus
431 1208 628 1251 Vitorius
646 1207 907 1262 Quintiliani
926 1207 1057 1250 codex
1078 1208 1258 1262 optimus
1273 1208 1586 1252 Ambrosianus
1606 1214 1632 1252 1
1644 1225 1717 1264 pr.
1735 1214 1781 1262 6,·
1800 1214 1827 1253 4
1838 1225 1910 1265 pr.
1925 1214 1972 1261 1,·

237 1280 309 1329 12,
330 1281 396 1328 11,
417 1276 504 1333 31).
557 1277 723 1321 Nomen
751 1291 803 1320 ex
830 1277 998 1319 nomine
1027 1276 1113 1332 filii
1137 1278 1323 1319 restituit
1345 1278 1582 1321 Mommsen
1603 1278 1750 1321 Herm.
1774 1283 1838 1330 13,
1862 1282 1971 1330 428,-

237 1347 295 1402 οἵ.
325 1346 455 1389 etiam
486 1345 604 1389 Nohl
632 1345 780 1390 Herm.
811 1348 882 1396 12,
913 1347 1008 1389 517.
1069 1346 1205 1388 Teate
1234 1346 1583 1389 Marrucinorum
1622 1347 1831 1390 oriundus
1860 1348 1970 1391 Stat.

237 1415 330 1460 silv.
370 1419 410 1467 4,
450 1418 490 1466 4,
524 1417 590 1458 85.
653 1413 988 1471 Condiscipulus
1034 1412 1230 1471 Septimii
1278 1414 1429 1457 Severi
1475 1415 1585 1459 Stat.
1632 1415 1724 1458 silv.
1765 1420 1793 1458 4
1823 1416 1970 1471 praef.

239 1484 479 1528 Causarum
510 1489 633 1526 actor
663 1482 776 1527 Stat.
806 1496 844 1525 v.
875 1486 931 1526 39
951 1496 1033 1537 seq.
1100 1483 1313 1525 Fascibus
1345 1491 1521 1526 ornatus
1551 1485 1609 1529 ib.
1640 1498 1676 1529 v.
1707 1487 1762 1527 59
1793 1484 1973 1540 (videtur

235 1552 426 1609 intelleqi
456 1555 693 1608 praetwra,
737 1552 792 1606 ef.
836 1551 1077 1594 Mommsen
1116 1551 1263 1594 Herm.
1294 1555 1360 1603 13,
1391 1553 1509 1607 429).
1573 1553 1738 1595 Eodem
1779 1559 1973 1609 tempore

239 1628 417 1665 curator
454 1622 554 1664 viae
593 1621 778 1664 Latinae
817 1620 958 1663 factus
995 1636 1021 1663 a
1062 1621 1313 1663 Domitiano
1353 1621 1411 1664 ib.
1447 1635 1482 1665 v.
1515 1625 1580 1666 60.
1639 1622 1746 1664 Mox
1776 1621 1888 1676 fore,
1927 1627 1974 1663 ut

241 1690 476 1735 ‘Ausonias
516 1690 730 1733 cohortes'
764 1691 810 1733 in
849 1690 1077 1747 provincia
1117 1689 1263 1747 aliqua
1305 1697 1428 1746 regat
1468 1688 1646 1743 (seilicet
1685 1691 1839 1745 leyioni
1884 1704 1975 1732 eum

235 1760 533 1816 praepositum
562 1760 632 1811 iri,
676 1760 731 1814 ef.
765 1759 1005 1803 Mommsen
1036 1758 1062 1804 l.
1095 1758 1148 1814 e.)
1180 1765 1421 1814 auguratur
1452 1758 1615 1802 Statius
1646 1759 1703 1802 ib.
1743 1773 1781 1802 v.
1812 1763 1864 1802 61
1894 1772 1975 1813 seq.

238 1829 433 1874 Uxorem
474 1828 602 1872 duxit
642 1844 697 1871 ex
737 1827 864 1871 domo
906 1827 1158 1884 triumphali
1197 1828 1254 1872 ib.
1290 1841 1327 1870 v.
1360 1831 1424 1870 73.
1459 1831 1511 1870 75
1551 1828 1706 1883 (filiam
1735 1831 1783 1870 ut
1811 1828 1976 1870 videtur

238 1897 413 1942 Hosidii
451 1897 587 1941 Getae
627 1897 829 1948 alieuius,
870 1900 920 1939 ut
944 1899 1169 1939 'testantur
1203 1898 1378 1939 nomina
1417 1896 1530 1953 filii).
1589 1896 1729 1939 Filius
1769 1896 1975 1953 parvolus

240 1966 355 2011 Geta
383 1966 446 2023 (G.
480 1967 669 2010 Vitorius
698 1966 906 2009 Hosidius
934 1965 1058 2016 Geta,
1089 1966 1128 2008 is
1157 1966 1229 2019 qui
1249 1965 1487 2020 praeeedit)
1520 1966 1632 2010 Stat.
1662 1980 1699 2008 v.
1729 1970 1796 2017 72,
1831 1967 1973 2020 Quint.

239 2040 266 2080 1
286 2051 358 2092 pr.
390 2039 428 2079 6.
492 2036 543 2078 Ei
585 2035 899 2078 dedicaverunt
929 2034 1227 2088 Quintilianus
1268 2035 1549 2077 institutionis
1591 2036 1803 2077 oratoriae
1841 2035 1974 2077 libros

241 2105 472 2148 duodecim
508 2105 649 2159 Quint.
677 2117 882 2160 prooem.‚·
922 2108 947 2146 1
969 2118 1042 2158 pr.
1065 2107 1092 2146 6
1102 2117 1114 2155 ,·
1142 2107 1170 2146 4
1190 2118 1265 2158 pr.
1286 2107 1336 2154 1;
1366 2107 1392 2146 6
1412 2118 1487 2158 pr.
1507 2107 1556 2155 1;
1585 2107 1655 2154 12,
1677 2107 1742 2154 11,
1765 2107 1840 2155 31,
1872 2106 1974 2147 item

240 2189 279 2217 a.
309 2175 364 2217 95
397 2173 561 2217 Statius
591 2173 801 2216 silvarum
831 2173 990 2215 librum
1023 2179 1229 2229 quartum
1260 2171 1372 2215 Stat.
1403 2172 1494 2214 silv.
1519 2175 1547 2214 4
1568 2173 1713 2226 praef.

155 2245 240 2287 520
270 2243 490 2286 vitrasius
522 2242 701 2299 Aequus
733 2241 936 2298 (Calibus
965 2242 1056 2284 sine
1086 2241 1213 2284 dubio
1245 2240 1474 2292 oriundus;
1504 2240 1586 2282 alii
1615 2240 1799 2283 Vitrasii
1826 2239 1976 2283 Caleni

240 2316 339 2355 swnt
359 2312 408 2354 X
423 2314 545 2355 4635.
565 2315 688 2355 4636.
711 2311 860 2366 4643).·
890 2312 983 2353 eius
1014 2312 1141 2353 uxori
1174 2311 1374 2352 Betutiae
1401 2309 1678 2352 Sertorianae
1699 2309 1973 2352 Thabraceni

244 2396 300 2424 ex
329 2381 481 2424 Africa
511 2381 685 2424 titulum
721 2387 960 2438 posuerunt
1000 2379 1178 2424 Calibus
1208 2379 1320 2434 Epa.
1353 2394 1415 2434 ep.
1445 2381 1485 2429 8,
1516 2381 1604 2422 532
1643 2379 1842 2434 (fortasse
1870 2392 1975 2433 pro·
2015 2414 2020 2420 .

242 2450 388 2494 consul
416 2451 600 2505 Africae
629 2450 804 2506 fuerat).
864 2450 957 2492 Aut
982 2449 1093 2492 idem
1121 2449 1197 2502 qui
1224 2449 1423 2502 sequitur,
1457 2451 1532 2490 aut
1562 2462 1612 2490 eoe
1642 2448 1730 2490 eius
1758 2450 1891 2502 yente.

156 2520 237 2563 521
270 2527 315 2565 L.
346 2526 613 2562 VITRASIVS
654 2518 885 2574 AEQVWS]
918 2517 1216 2573 (AEQv1[TAs]
1249 2517 1445 2567 Hermen,
1477 2523 1643 2567 AEQVG
1662 2552 1670 2560 .
1692 2549 1725 2560 ..
1759 2518 1977 2570 exceperat

242 2588 466 2631 Marinius
503 2589 608 2632 Arv.
646 2589 732 2633 tab.
765 2588 938 2631 XXVI
969 2589 1023 2642 ef.
1056 2602 1104 2642 p.
1125 2590 1213 2630 323
1224 2600 1237 2638 ;
1275 2586 1520 2640 Aequitatis
1557 2584 1829 2634 vocabulum,
1869 2597 1977 2625 eom-

240 2658 484 2700 mendatum
500 2671 527 2699 a
546 2657 756 2708 Marinio,
774 2658 986 2712 reperitur
1002 2656 1168 2711 quidem
1187 2659 1237 2697 ut
1253 2669 1456 2710 aynomen
1478 2654 1771 2696 libertinorum
1793 2652 1860 2694 VI
1872 2654 1975 2695 282.

242 2729 394 2777 10003,
414 2725 488 2769 sed
507 2740 594 2780 pro
616 2727 858 2781 eoynomine
878 2726 1012 2780 pueri
1031 2725 1192 2767 ordinis
1216 2724 1425 2766 senatorii
1443 2737 1528 2765 non
1554 2720 1888 2774 admittendum),
1921 2734 1976 2760 ex

244 2795 391 2851 pueris
422 2801 671 2837 senatorum
701 2794 822 2849 filiis,
864 2795 939 2850 qui
970 2793 1206 2836 Arvalibus
1237 2790 1540 2834 ministrabant
1570 2806 1608 2833 a.
1643 2791 1720 2833 117
1759 2792 1839 2831 aet.
1870 2788 1974 2831 Arv.

245 2862 271 2919 (
272 2862 341 2906 VI
357 2866 471 2906 2016
499 2876 536 2905 v.
568 2862 654 2908 15).

159 2932 265 2974 521⁸
296 2932 347 2975 L.
379 2931 630 2987 Vi[t]rasius
661 2932 830 2974 Ennius
862 2930 943 2985 (vel
975 2964 984 2973 .
1004 2929 1230 2983 ..ennius)
1260 2929 1461 2985 Aequus,
1494 2928 1604 2984 patri
1634 2925 1804 2968 titulum
1834 2925 1978 2982 posuit

247 2999 423 3057 Capuae
454 3000 534 3056 (vel
563 3001 675 3054 forte
702 2999 895 3055 Calibus)
926 3000 974 3042 X
1000 3003 1120 3041 4414.
1176 2999 1249 3041 Em
1277 2999 1407 3052 stirpe
1438 3011 1579 3039 eorum
1609 2996 1682 3049 qui
1702 2994 1975 3049 praecedunt.

161 3070 244 3112 522
276 3076 321 3111 L.
342 3075 606 3112 VITRASIVS
627 3075 941 3111 FLAMININVS
971 3068 1102 3122 (Pos,
1128 3067 1240 3121 quod
1263 3070 1360 3109 ante
1381 3065 1627 3108 Flaminini
1654 3077 1802 3105 nomen
1833 3062 1978 3117 leyz'sse

245 3138 331 3180 sibi
358 3139 472 3181 visus
492 3141 554 3181 est
576 3138 842 3189 Mazoehius,
867 3139 1009 3192 potest
1031 3149 1142 3190 pars
1171 3136 1304 3189 fuisse
1337 3134 1513 3176 alterius
1543 3132 1827 3188 cognominis),
1861 3131 1911 3172 L.
1932 3130 1975 3184 f.,

248 3205 420 3261 consul,
459 3206 691 3263 proconsul
731 3207 982 3263 provinciae
1022 3204 1221 3258 Africae,
1264 3203 1344 3258 leg.
1389 3202 1484 3258 [p]r.
1524 3216 1588 3257 pr.
1628 3200 1781 3242 Italiae
1816 3199 1975 3241 Trans-

246 3275 445 3332 padanae
490 3282 534 3318 et
574 3276 828 3333 provinciae
873 3274 1062 3316 Moesiae
1107 3273 1342 3329 superioris
1387 3278 1428 3312 et
1469 3270 1685 3311 exercitus
1729 3268 1978 3324 provinciae

246 3343 492 3387 Dalmatiae
523 3344 652 3401 (haee
681 3345 721 3387 si
749 3347 860 3387 reete
892 3345 1065 3397 excepta
1095 3345 1214 3392 sunt,
1250 3354 1420 3383 munere
1449 3339 1620 3392 functus
1649 3337 1720 3379 ille
1751 3339 1811 3378 est
1840 3339 1980 3378 extra-
