2242 3672
0 3397 21 3672 ὲ

116 290 386 330 VITELLIVS
984 290 1064 333 451
1661 297 1928 334 VITELLIVS

202 423 361 467 danam
381 422 457 480 (G
486 422 572 476 18),
616 439 671 466 ex
702 439 788 481 qua
818 427 1046 483 utriusque
1076 442 1207 471 sexus
1248 427 1406 471 liberos
1447 431 1585 486 (infra
1622 446 1663 474 n.
1698 433 1791 476 507.
1832 430 1931 486 514)

199 492 301 536 tulit
330 492 444 538 Suet.
476 495 503 535 6
538 491 703 548 (‘liberi
745 495 847 550 imp.
885 495 1031 538 Germ.
1063 497 1126 538 vel
1158 497 1304 542 Germ.
1333 498 1464 554 Aug.²
1496 500 1659 542 nummi
1689 514 1757 554 ap.
1792 497 1930 543 Gohen

203 561 265 607 ed.
286 565 319 606 2
344 564 372 604 t.
394 562 430 604 I
442 576 490 618 p.
506 564 589 605 366
618 576 711 605 cum
740 563 1000 618 imayim'bus
1027 566 1278 620 utriusque).

287 629 359 674 Ab
377 645 427 673 eo
449 629 640 673 edulium
658 631 871 688 quaedam
891 646 1053 687 genera
1064 633 1297 677 Vitelliana
1318 636 1534 692 appellata
1544 636 1632 680 Dio
1648 639 1712 687 65,
1730 641 1770 680 3.
1793 635 1932 679 Plane

200 701 408 744 moertwm
436 714 538 743 nwm
566 699 647 743 hue
666 701 887 755 pertineat
909 703 1158 744 coronarius
1180 703 1438 747 Vitellianus
1464 705 1533 748 VI
1546 708 1676 750 9282.
1717 706 1932 748 Incertum

201 784 231 813 a
250 783 329 824 quo
350 769 438 825 (vix
458 769 513 811 ab
533 768 627 825 hoc)
650 769 859 824 appellati
878 770 1102 812 Vitelliani
1125 771 1297 826 (libelli)
1319 774 1518 816 Martr'al.
1540 777 1581 829 2,
1606 778 1643 825 6,
1666 778 1703 817 6.
1727 778 1792 825 14,
1815 777 1867 826 8,·
1890 777 1930 818 9.

115 840 199 882 500
227 844 274 882 L.
305 844 586 881 VITELLIVS.
638 839 792 894 Imayo
822 839 911 882 eius
940 840 986 881 in
1015 841 1197 882 nummis
1226 841 1311 895 filii
1340 839 1412 895 (ef.
1444 843 1595 899 infra).
1648 842 1813 885 Nomen
1843 843 1932 886 eius

200 907 288 963 fuit
317 907 386 950 VI
398 910 493 958 919,
523 907 599 950 sed
617 908 765 963 periit.
788 933 846 937 —
876 908 926 951 P.
949 908 1114 951 Vitellii
1146 911 1440 966 procuratoris
1461 911 1651 967 Augusti
1682 910 1796 954 filius
1817 910 1929 954 Suet.

202 975 284 1019 Va.
318 978 362 1019 2.
429 975 699 1019 Adulescens
745 976 949 1020 observat
993 976 1230 1020 Antoniam
1273 978 1522 1034 Augustam
1571 981 1669 1023 Tae.
1710 995 1749 1022 a.
1785 984 1860 1031 11,
1890 983 1929 1025 3.

201 1044 365 1089 Consul
396 1044 488 1090 ord.
520 1061 558 1091 a.
590 1046 647 1089 34
687 1061 787 1089 cum
818 1045 972 1088 Paullo
1004 1047 1143 1089 Fabio
1174 1047 1350 1091 Persico
1378 1049 1497 1102 fasti.
1557 1049 1713 1092 Frater
1741 1048 1929 1104 Arvalis,

201 1114 385 1158 fortasse
421 1115 506 1157 iam
547 1114 628 1158 sub
662 1114 839 1157 Tiberio
879 1121 981 1158 ante
1019 1130 1057 1158 a.
1089 1116 1144 1158 29
1187 1115 1256 1159 VI
1277 1120 1396 1160 2026
1424 1131 1461 1160 υ.
1493 1121 1519 1160 6
1556 1138 1610 1152 =
1638 1118 1813 1161 Heneen
1849 1121 1930 1161 act.

199 1182 306 1226 Arv.
328 1198 378 1239 p.
399 1183 674 1227 XXXVIII
697 1184 788 1237 (sed
807 1197 877 1227 res
896 1183 1089 1240 ineerta),
1123 1191 1241 1227 certe
1268 1186 1348 1228 sub
1372 1185 1555 1229 Claudio
1587 1186 1656 1230 VI
1667 1189 1797 1231 2032.
1818 1189 1931 1230 2035

198 1271 255 1288 =
284 1251 399 1307 Eph.
432 1266 496 1307 ep.
526 1255 556 1295 8
577 1267 625 1308 p.
655 1256 755 1296 326.
823 1253 1015 1308 Legatus
1056 1268 1135 1309 pro
1165 1268 1231 1310 pr.
1264 1253 1418 1310 Syriae
1458 1270 1497 1298 a.
1528 1256 1582 1298 35
1613 1255 1727 1298 Suet.
1769 1255 1849 1299 Vit.
1885 1260 1928 1307 2,

200 1319 301 1366 Tac.
333 1335 373 1364 a.
405 1324 442 1372 6,
470 1324 542 1373 32,
577 1323 762 1365 ‘cunctis
803 1337 916 1379 quae
956 1322 1074 1379 apud
1105 1322 1331 1365 Orientem
1370 1323 1654 1380 parabantur'
1686 1323 1931 1380 praefectus

206 1390 305 1434 Tac.
361 1389 547 1433 Parthos
587 1390 799 1434 Armenia
838 1390 1073 1433 abscedere
1112 1392 1227 1447 cogit
1260 1392 1357 1434 Tae.
1391 1407 1431 1435 a.
1462 1396 1499 1443 6,
1530 1396 1604 1443 36,
1643 1392 1809 1447 Ioseph.
1842 1395 1929 1436 ant.

199 1462 267 1511 18,
288 1463 328 1511 4,
349 1463 389 1502 4.
441 1459 680 1503 Tiridatem
713 1461 758 1502 in
789 1474 973 1515 regnum
1003 1460 1210 1503 Parthiae
1240 1460 1410 1503 inducit
1441 1462 1539 1506 Tae.
1562 1476 1601 1504 a.
1624 1464 1662 1512 6,
1686 1464 1751 1504 37.
1801 1460 1852 1503 A.
1875 1461 1929 1504 37

196 1527 472 1572 Artabanum
517 1528 570 1572 ad
619 1528 883 1586 colloquium
927 1544 1053 1572 suum
1096 1536 1138 1572 et
1182 1530 1238 1572 ad
1282 1530 1532 1573 veneranda
1573 1530 1698 1585 signa
1737 1531 1932 1572 Romana

198 1597 345 1654 adegit
372 1597 540 1653 Ioseph.
567 1602 654 1641 ant.
682 1601 748 1650 18,
780 1602 820 1650 4,
850 1601 890 1650 5,
924 1598 1040 1642 Suet.
1070 1598 1151 1641 Va.
1183 1602 1214 1641 2
1241 1600 1295 1653 ef.
1325 1598 1424 1642 Gai.
1448 1603 1487 1651 4,
1519 1598 1607 1642 Dio
1637 1602 1704 1650 59,
1736 1602 1797 1642 27
1825 1599 1931 1655 (vivo

203 1666 373 1711 Tiberio
413 1666 461 1710 id
498 1667 663 1721 factum
702 1681 788 1710 esse
828 1670 1008 1710 testatur
1036 1667 1258 1722 Iosephus,
1290 1669 1379 1711 iam
1406 1668 1520 1711 Gaio
1551 1669 1784 1722 imperante
1814 1668 1930 1711 Suet.

200 1735 301 1780 Gai.
330 1739 359 1779 4
389 1739 429 1779 et
456 1735 569 1788 D2·0;
605 1737 660 1791 cf.
694 1736 932 1779 Mommsen
967 1736 1091 1780 Rom.
1131 1736 1280 1780 Gesoh.
1319 1736 1422 1792 Vp.
1444 1736 1556 1791 378).
1621 1737 1706 1779 Per
1736 1736 1795 1780 M.
1827 1737 1932 1779 Tre-

198 1804 375 1849 bellium
419 1804 612 1861 legatum
657 1804 792 1849 Clitas
834 1805 1019 1848 subiecit
1065 1806 1163 1849 Tae.
1205 1820 1245 1849 a.
1284 1810 1321 1858 6,
1361 1810 1426 1849 41.
1495 1806 1699 1848 Pontium
1742 1805 1932 1848 Pilatum

196 1873 385 1918 Iudaeae
424 1881 750 1931 procuratorem
790 1875 975 1918 Romam
1014 1876 1149 1918 mittit
1178 1875 1344 1930 Ioseph.
1372 1878 1459 1920 ant.
1490 1877 1559 1926 18,
1586 1879 1626 1926 4,
1657 1878 1698 1919 2.
1757 1875 1931 1918 Iudaeis

196 1943 410 1988 beneficia
439 1943 592 1987 tribuit
621 1944 679 1987 ib.
704 1946 770 1995 15,
793 1947 858 1995 11,
879 1948 918 1987 4.
951 1947 1018 1995 18,
1040 1947 1079 1996 4,
1100 1947 1139 1988 3.
1170 1948 1242 1995 20,
1265 1948 1303 1995 1,
1325 1948 1369 1988 2.
1424 1943 1596 1986 Bellum
1627 1951 1753 2000 parat
1782 1950 1933 1986 contra

197 2012 379 2057 Aretam
408 2026 556 2068 regem
585 2012 778 2055 Arabiae
807 2014 864 2058 ib.
891 2016 958 2064 18,
979 2016 1018 2064 5,
1040 2016 1079 2058 1.
1100 2016 1140 2059 3.
1194 2012 1512 2070 Hierosolymis
1544 2014 1745 2055 nuntium
1776 2014 1933 2070 accipit

195 2082 250 2125 de
281 2088 420 2124 morte
450 2081 616 2125 Tiberii
647 2082 775 2126 Philo
807 2082 884 2138 leq.
917 2083 975 2126 ad
1001 2082 1162 2126 Gaium
1193 2097 1226 2126 e.
1256 2086 1316 2127 32
1336 2098 1384 2138 p.
1404 2086 1487 2126 580
1514 2083 1602 2134 M,
1642 2081 1808 2136 Ioseph.
1841 2085 1928 2124 ant.

196 2153 266 2202 18,
289 2153 328 2202 5,
348 2154 388 2193 3.
434 2151 643 2203 (Eundem
674 2152 765 2194 sine
796 2152 923 2195 dubio
949 2152 1192 2206 praesidem
1214 2152 1369 2207 Syriae
1397 2177 1454 2182 ——-
1485 2166 1738 2206 quamquam
1768 2151 1931 2194 Οὐτιλλ-

196 2219 385 2263 traditur
404 2234 492 2275 pro
520 2221 706 2264 Οὐιτελλ-
727 2247 778 2251 -
810 2221 1028 2276 siqnifieat
1059 2220 1257 2263 Malalas
1288 2221 1360 2263 lib.
1392 2220 1472 2263 IX
1498 2221 1572 2276 fin.
1594 2235 1642 2275 p.
1664 2223 1755 2263 226
1774 2219 1928 2270 Bonn.‚

196 2288 271 2332 sed
306 2289 418 2332 male
452 2289 642 2332 traditur
683 2304 775 2332 eum
814 2290 967 2345 Syriae
997 2291 1242 2345 praefuisse
1283 2304 1394 2332 anno
1436 2294 1533 2332 ante
1567 2303 1696 2344 quam
1732 2288 1930 2331 Christus

194 2361 452 2410 nasceretur,
489 2358 755 2413 consulesque
795 2359 1097 2402 adscribuntur
1136 2360 1211 2413 qui
1248 2360 1419 2413 fuerunt
1455 2373 1567 2402 anno
1602 2357 1689 2412 30.)
1749 2357 1790 2400 Α
1819 2358 1929 2401 Gaio

198 2433 426 2470 revocatus
466 2442 490 2469 e
532 2427 661 2483 Syria
700 2427 789 2470 Dio
819 2431 886 2479 59,
916 2431 987 2471 27.
1057 2427 1275 2471 Successit
1314 2429 1352 2469 ei
1393 2428 1622 2470 Petronius
1663 2426 1789 2468 Philo
1822 2425 1847 2470 l.
1879 2439 1928 2476 o.,

197 2496 362 2551 Ioseph.
387 2499 473 2539 ant.
495 2499 562 2547 18,
583 2499 624 2547 8,
647 2500 692 2540 2.
745 2497 947 2539 Ficorum
969 2496 1182 2554 quaedam
1210 2510 1382 2551 genera,
1414 2498 1517 2539 item
1547 2496 1727 2552 pistacia
1756 2509 1778 2536 e
1801 2494 1930 2557 §yria

197 2565 242 2607 in
272 2564 442 2608 Italiam
471 2565 692 2608 transtulit
710 2565 828 2608 Ptin.
849 2566 889 2608 h.
910 2580 953 2608 n.
975 2568 1038 2620 15,
1061 2568 1128 2608 83.
1150 2568 1216 2608 91.
1267 2566 1384 2607 Iram
1407 2566 1505 2609 Gaii
1532 2565 1650 2621 turpi
1681 2562 1929 2606 adulatione

192 2630 415 2689 >mitigavit
437 2634 526 2677 Dio
546 2637 614 2686 59,
636 2638 707 2686 27,
741 2634 859 2678 Suet.
892 2635 973 2678 Va.
994 2638 1037 2678 2.
1089 2634 1321 2689 ‘Regendis
1343 2634 1583 2690 provinciis
1605 2634 1748 2689 prisca
1768 2633 1929 2674 virtute

199 2703 311 2758 egitt,
341 2717 565 2758 regressus
596 2703 828 2746 formidine
860 2703 908 2747 C.
942 2703 1162 2757 Caesaris,
1197 2702 1491 2745 familiaritate
1523 2701 1695 2744 Claudii
1726 2707 1852 2756 turpe
1883 2701 1929 2742 in

199 2773 424 2815 servitium
446 2778 655 2815 mutatur’
681 2773 780 2815 Tae.
804 2787 842 2817 a.
865 2777 902 2823 6,
926 2776 996 2815 32.
1043 2772 1223 2814 Amicus
1245 2771 1415 2814 Claudii
1436 2770 1601 2825 Ioseph.
1622 2773 1709 2813 ant.
1731 2773 1801 2820 20,
1824 2773 1861 2819 1,
1884 2771 1926 2811 2.

196 2840 466 2894 Messalinae,
499 2843 601 2884 item
622 2841 790 2884 libertis
813 2841 986 2885 Claudii
1008 2840 1210 2883 adulatur
1232 2839 1348 2883 Suet.
1372 2839 1453 2883 Vit.
1474 2843 1518 2883 2.
1559 2839 1612 2881 A.
1636 2840 1691 2881 43
1713 2837 1862 2880 consul
1883 2838 1928 2879 II

197 2924 295 2952 cum
317 2909 502 2953 Claudio
525 2911 701 2953 tertium
721 2911 839 2964 fasti.
888 2909 1048 2952 Curam
1080 2910 1251 2965 imperii
1282 2909 1322 2950 ei
1354 2908 1567 2950 commisit
1589 2907 1798 2950 Claudius
1829 2922 1927 2949 cum

197 2979 243 3020 in
264 2979 537 3022 Britanniam
561 2979 908 3036 proficisceretur
926 2978 1042 3021 Suet.
1069 2978 1148 3020 Va.
1170 2980 1212 3027 2,
1235 2976 1323 3019 1)ῖό
1346 2980 1411 3027 60,
1434 2980 1505 3020 21.
1545 2976 1598 3017 A.
1615 2976 1669 3018 47
1692 2974 1841 3017 consul
1860 2975 1928 3018 ΠΙ

201 3062 298 3089 cum
321 3047 506 3091 Claudio
529 3055 729 3105 quartum
753 3048 861 3102 fasti
880 3048 933 3101 ef.
958 3047 1073 3090 Suet.
1102 3046 1181 3088 Va.
1202 3050 1234 3089 2
1265 3044 1432 3099 (consul
1453 3051 1519 3087 ter
1538 3045 1700 3087 nummi
1719 3045 1773 3098 ef.
1793 3045 1927 3099 infra,

204 3116 302 3161 Tac.
325 3131 364 3161 a.
386 3120 452 3168 14,
473 3120 539 3168 56,
572 3117 612 3162 h.
634 3121 672 3168 1,
703 3120 740 3159 9.
762 3119 832 3160 52.
863 3120 901 3166 3,
925 3119 988 3165 66,
1019 3114 1134 3157 Plut.
1159 3114 1286 3157 Galb.
1317 3117 1392 3164 22,
1425 3113 1536 3156 Suet.
1570 3113 1650 3157 Vit.
1679 3116 1716 3163 7,
1744 3113 1926 3168 Eutrop.

199 3189 236 3236 7,
260 3188 327 3237 18,
361 3185 503 3229 Victor
532 3187 630 3241 epit.
652 3188 692 3236 8,
715 3185 772 3239 1).
824 3183 1007 3238 (Eodem
1034 3186 1164 3237 anno)
1187 3198 1339 3225 censor
1360 3197 1458 3224 cum
1480 3181 1662 3225 Claudio
1685 3181 1802 3224 Plin.
1823 3181 1864 3224 h.
1885 3196 1927 3226 n.

195 3256 261 3305 15,
285 3256 352 3305 83,
387 3254 505 3299 Suet.
540 3255 621 3298 Va.
649 3258 691 3298 2.
745 3253 911 3296 Censor
939 3253 1111 3307 nummi,
1148 3252 1238 3294 cusi
1262 3252 1338 3294 sub
1360 3251 1538 3306 imperio
1558 3250 1653 3306 filii,
1677 3265 1744 3305 ap.
1766 3250 1929 3293 Eckhel

199 3325 237 3374 6,
258 3325 351 3378 313,
376 3322 517 3366 Cohen
532 3324 567 3366 I
575 3323 680 3367 ed.2
690 3338 738 3377 p.
752 3326 835 3365 360
863 3336 905 3366 n.
927 3324 992 3364 54.
1014 3323 1080 3371 55,
1103 3335 1151 3375 p.
1169 3324 1254 3363 367
1269 3334 1310 3362 n.
1329 3323 1368 3362 1.
1389 3323 1432 3363 2.
1481 3319 1647 3363 Censor
1669 3319 1797 3361 etiam
1817 3334 1855 3363 a.
1871 3319 1927 3362 48

202 3391 298 3434 Tae.
318 3406 358 3434 a.
375 3395 446 3443 12,
463 3396 490 3435 4
510 3393 683 3446 (censor
703 3391 748 3433 II
767 3403 962 3434 nummus
982 3404 1051 3444 ap.
1069 3388 1230 3432 Eekhel
1252 3388 1277 3431 l.
1296 3402 1344 3439 e.,
1373 3387 1514 3432 Gohen
1534 3388 1559 3431 l.
1579 3401 1614 3491 Ξ.
1628 3402 1678 3442 p.
1693 3390 1776 3430 360
1794 3401 1836 3430 n.
1853 3388 1926 3443 53)

1476 3465 1490 3471 ,
1602 3455 1649 3491 9*
