2242 3672
334 262 550 298 VEZINAs
1197 249 1280 291 418
1975 254 2138 291 VIBIVS

337 391 419 434 367
450 391 648 440 Vezinas‚
679 389 841 442 Dacus,
875 393 971 443 post
1001 384 1266 428 Decebalum
1297 385 1436 439 primo
1472 383 1590 440 apud
1620 398 1720 426 suos
1750 383 1856 439 loeo,
1889 384 1944 428 ab
1976 384 2140 428 Iuliano

421 459 659 501 Domitiani
690 457 802 498 duce
831 455 948 512 apud
978 455 1121 511 Tapas
1152 454 1294 495 vietus
1325 452 1413 496 Dio
1439 456 1505 503 67,
1528 456 1594 495 10.

353 551 405 557 —
448 525 584 568 Iulius
615 526 780 568 Viator.

334 596 417 638 368
449 594 690 637 Vibennius
723 592 906 635 Rufinus
933 592 1145 644 (Vivenn-
1167 589 1289 644 cod),
1321 589 1566 645 praefectus
1596 588 1702 645 alae,
1734 605 1773 632 a.
1795 590 1851 633 69
1878 590 2142 647 praesidium

419 662 576 716 agebat
604 660 755 703 Atriae
791 661 889 703 Tac.
920 660 960 701 h.
990 663 1028 710 3,
1061 662 1132 702 12.
2079 684 2082 690 ,
2189 709 2192 713 ,

332 732 416 773 369
448 730 544 774 *ΡΡ.
575 736 734 771 ELLVS
773 734 1008 770 VIBIANVS
1048 727 1212 779 (nomen
1251 726 1362 768 male
1401 726 1631 780 exceptum)
1673 726 1786 782 [leg.]
1827 742 1891 782 pr.
1923 743 1988 784 pr.
2020 727 2142 783 (pro-

416 799 579 840 vinciae
611 797 909 852 Cappadociae
938 800 986 838 ut
1017 799 1146 850 puto,
1188 809 1290 837 nam
1321 794 1380 837 ad
1407 809 1501 838 eam
1529 795 1695 838 videtum
1724 795 1837 838 locus
1860 796 2142 850 pertinuisse,‘

416 869 517 920 post
545 880 693 908 nomen
723 866 912 908 traditur
940 880 1004 921 pr.
1037 879 1099 920 pr.
1131 865 1245 907 vinc.
1277 877 1338 907 ro.
1370 870 1502 919 pont„
1533 864 1611 906 ubi
1635 877 1727 907 vere
1745 864 1994 906 vocabulum
2014 864 2145 908 Ponti

415 935 581 976 subesse
609 935 681 976 vioe
711 932 975 979 crediderim)
1017 933 1096 975 sub
1127 932 1369 974 Maximino
1410 935 1438 974 t.
1469 931 1595 987 semel
1623 946 1733 976 saec.
1763 932 1888 975 XVI
1910 932 2143 988 descriptus

415 1003 526 1045 inter
555 1003 715 1057 Halym
759 1006 798 1045 et
828 1002 1054 1044 Amasiam
1083 1002 1171 1043 III
1193 1003 1291 1043 308.
1359 1000 1565 1043 Fortasse
1605 1001 1788 1044 eiusdem
1827 1001 1958 1056 leqati
1993 1015 2143 1045 nomen

417 1084 585 1113 erasum
614 1071 704 1113 III
725 1070 768 1114 S.
799 1073 924 1114 6952.

330 1139 413 1181 370
443 1138 657 1181 Vibianus
689 1138 920 1192 (Vivianus
951 1152 1091 1192 paene
1133 1140 1386 1190 constanter,
1428 1136 1639 1179 Bibianus
1669 1135 1771 1191 Dzssq.
1802 1139 1869 1188 19,
1899 1139 1939 1188 5,
1970 1140 2024 1180 17
2052 1137 2141 1180 cod.

415 1207 576 1260 Flor.),
611 1214 762 1249 auctor
792 1208 898 1249 iuris
930 1206 1080 1250 Collat.
1108 1206 1183 1260 leq.
1207 1206 1320 1248 Mos.
1342 1209 1412 1256 12,
1439 1209 1474 1256 7,
1497 1208 1535 1259 8,
1568 1205 1670 1260 Diy.
1693 1209 1731 1256 6,
1753 1210 1793 1256 4,
1814 1209 1881 1257 35,
1908 1209 1935 1249 9
1967 1208 2007 1248 et
2035 1206 2145 1249 alibi

415 1276 675 1330 (fraymenta
704 1276 936 1330 composuit
964 1274 1095 1317 Lenel
1112 1274 1334 1329 palinyen.
1364 1274 1475 1316 iuris
1503 1274 1628 1318 Rom.
1650 1274 1712 1317 II
1728 1276 1842 1318 1225
1861 1273 1973 1328 seq).
2056 1295 2060 1298 >

343 1368 400 1374 —
444 1345 512 1386 Ti.
545 1343 793 1398 Cl(audius)
825 1344 1039 1387 Vibianus
1070 1342 1307 1386 Tertullus.

348 1435 401 1442 -—
447 1418 555 1454 SEX.
588 1418 828 1454 COCCEIVS
858 1418 1110 1456 VIBIANVS.

330 1481 408 1523 371
443 1481 492 1524 P.
522 1480 725 1523 Vibidius
754 1480 948 1534 Atticus,
991 1486 1249 1538 procurator
1287 1481 1519 1523 vicesimae
1554 1479 1788 1534 libertatis,
1830 1494 2003 1524 sacrum
2041 1480 2144 1524 fecit

414 1548 644 1599 Minervae,
668 1550 713 1591 in
743 1563 848 1604 agro
880 1549 1133 1592 Placentino
1163 1549 1245 1592 XI
1263 1551 1383 1593 1308.
1796 1551 1802 1567 ³

332 1616 416 1659 372
447 1623 668 1660 VIBIDIVS
709 1623 862 1660 VIRRO
906 1618 1065 1672 (Varro
1103 1617 1305 1668 traditur,
1346 1617 1530 1660 correoeit
1568 1616 1870 1672 Dittenberyer
1899 1617 1990 1672 eph.
2021 1633 2084 1673 ep.
2115 1622 2142 1661 1

410 1700 459 1740 p.
490 1686 603 1740 109),
645 1687 757 1728 inter
797 1700 869 1728 eos
910 1701 1017 1743 quos
1059 1692 1212 1729 senatu
1250 1687 1388 1728 movit
1428 1691 1504 1728 aut
1534 1692 1685 1742 sponte
1714 1685 1868 1728 cedere
1896 1700 2048 1742 passus
2078 1693 2144 1730 est

416 1752 619 1796 Tiberius
644 1769 681 1796 a.
713 1769 756 1811 p.
785 1754 888 1798 Chr.
915 1756 967 1798 17
1005 1755 1103 1800 Tac.
1126 1769 1166 1799 a.
1188 1757 1232 1805 2,
1253 1757 1320 1797 48.
1379 1753 1586 1796 Fortasse
1615 1753 1726 1796 idem
1754 1754 1829 1807 qui
1853 1755 2054 1809 sequitur.

331 1822 414 1864 373
446 1821 546 1865 Sex.
579 1821 781 1864 Vibidius
811 1822 942 1866 Virro
982 1824 1087 1879 (tria
1123 1823 1300 1878 nomina
1339 1824 1484 1865 extant
1520 1820 1639 1864 (JIA.
1671 1821 1762 1864 III
1783 1824 1876 1872 603,
1917 1833 2143 1878 ‘coynomen

418 1892 584 1932 tantum
607 1890 719 1941 875),
752 1898 895 1934 statua
925 1891 1161 1934 honoratus
1193 1891 1248 1933 ab
1269 1889 1611 1933 Atheniensibus
1632 1888 1749 1932 GIA.
1770 1889 1860 1932 III
1871 1892 1964 1934 603.
2009 1890 2142 1935 Pater

415 1959 599 2013 virginis
630 1959 818 2002 Vestalis
851 1961 961 2012 (eius
991 1975 1103 2017 quae
1133 1960 1346 2018 sequitur)
1377 1960 1434 2002 ib.
1464 1961 1563 2002 875.
1596 1985 1648 1989 -
1690 1958 1763 2001 Ex
1802 1959 1891 2002 eius
1924 1962 2046 2014 yente
2078 1960 2143 2003 vel

415 2027 543 2069 etiam
580 2028 618 2070 is
650 2029 738 2082 ipse
769 2029 869 2072 Sex.
905 2062 915 2072 .
934 2063 943 2072 .
962 2063 972 2073 .
992 2062 1002 2072 .
1033 2030 1164 2072 Virro
1205 2028 1482 2084 (yentiliciwm
1521 2026 1677 2070 eoecidit
1714 2027 1762 2070 in
1802 2027 1972 2085 codice),
2012 2029 2064 2071 L.
2095 2027 2138 2084 fi,

415 2098 490 2152 qui
520 2111 557 2138 a.
592 2097 672 2139 745
704 2112 782 2153 pro
814 2097 931 2140 tribu
964 2098 1118 2153 Sergia
1147 2099 1312 2154 primus
1344 2097 1472 2139 scivit
1502 2095 1704 2139 Frontin.
1736 2109 1803 2149 aq.
1833 2098 1933 2139 129.

330 2163 413 2205 374
434 2164 623 2219 Vibidia,
648 2165 748 2208 Sex.
772 2166 939 2208 Vibidii
960 2167 1161 2209 Virronis
1182 2166 1290 2222 (eius
1310 2165 1383 2219 qui
1394 2164 1632 2220 praeeedit)
1657 2163 1774 2219 [filia]
1792 2162 1945 2207 CIAtt.
1961 2164 2051 2207 III
2059 2167 2142 2209 875

416 2230 508 2283 (ubi
537 2246 759 2288 coynomen
784 2236 932 2288 patris
961 2238 1128 2277 tantum
1167 2237 1306 2286 emtat,·
1336 2247 1599 2288 praenomen
1623 2233 1771 2287 patris
1809 2232 1957 2287 firmat
1993 2233 2142 2276 timlus

416 2300 558 2343 liberti
587 2302 655 2344 VI
675 2302 849 2357 28768),
882 2304 1006 2358 virgo
1038 2302 1227 2346 Vestalis
1260 2303 1505 2354 17128768;
1532 2301 1687 2345 CIAtt.
1707 2303 1802 2351 875,
1835 2306 1978 2344 statua
2007 2300 2140 2344 hono-

414 2375 508 2411 rata
546 2370 601 2412 ab
643 2370 984 2414 Atheniensibus
1020 2371 1175 2415 GIAtt.
1215 2371 1241 2414 l.
1285 2384 1345 2423 c.;
1388 2386 1426 2414 a.
1457 2371 1512 2413 48
1553 2371 1678 2425 virgo
1718 2368 1908 2413 Vestalis
1951 2370 2141 2413 maxima

421 2437 517 2481 Tac.
550 2453 588 2481 a.
621 2442 685 2490 11,
716 2442 775 2483 32
805 2441 860 2494 cf.
891 2443 958 2483 34.

329 2505 411 2547 375
442 2505 650 2562 Vibilius,
682 2508 1101 2551 Hermundurorum
1137 2524 1239 2563 rex3
1282 2522 1332 2551 eo
1375 2513 1551 2550 auctore
1591 2521 1678 2549 non
1717 2506 1851 2549 multo
1887 2513 1985 2563 post
2015 2522 2054 2550 a.
2087 2508 2139 2551 18

416 2573 628 2617 Catualda
666 2589 799 2630 regno
842 2577 1086 2620 Sueborum
1130 2576 1279 2633 pulsus
1326 2576 1423 2619 Tac.
1461 2589 1501 2620 a.
1531 2578 1574 2626 2,
1607 2578 1676 2626 63,
1715 2576 1820 2617 item
1860 2575 1976 2618 circa
2015 2590 2053 2620 a.
2084 2575 2140 2619 50

415 2642 612 2685 Vannius
640 2644 697 2686 ib.
728 2647 797 2695 12,
829 2648 900 2688 29.

329 2710 435 2752 375³
467 2710 621 2753 Vibius
652 2712 908 2769 Aiaoianus,
952 2714 1152 2756 dominus
1192 2713 1472 2770 praediorum
1510 2711 1859 2754 suburbanorum
1889 2716 1935 2754 ut
1966 2710 2142 2755 videtur

413 2778 575 2832 teyulae
593 2780 641 2822 X
651 2780 815 2826 V1503.
838 2785 946 2825 1504
967 2791 1088 2837 (quas
1110 2783 1366 2837 temporibus
1386 2781 1616 2824 Hadriani
1633 2780 1774 2834 factas
1786 2782 1918 2835 putat
1937 2778 2139 2835 Dressel).

329 2847 412 2889 376
443 2853 543 2891 ΙΜΡ.
577 2853 715 2891 CAES.
750 2857 790 2893 O.
821 2857 986 2893 VIBIVS
1017 2857 1220 2892 AFINIVS
1258 2856 1450 2892 GALLVS
1477 2854 1879 2891 VELDVMNIANVS
1905 2853 2138 2890 VOLVSIA-

415 2921 508 2956 NVS
535 2922 649 2959 AVG.
706 2918 839 2960 Tituli
867 2919 953 2973 ipsi
973 2920 1129 2974 positi:
1148 2919 1340 2961 urbanus
1376 2918 1445 2961 VI
1457 2920 1576 2967 1105,
1619 2915 1846 2967 Comensis,
1876 2929 1944 2970 ap.
1970 2914 2142 2958 Dessau

415 2983 539 3027 inser.
560 2984 632 3027 sel.
651 2987 747 3036 524,
773 2986 1021 3042 Spoletinus
1036 2987 1117 3029 XI
1127 2990 1251 3041 4780,
1278 2986 1464 3029 Picenus
1478 2985 1559 3029 IX
1575 2988 1695 3035 5431,
1719 2984 1906 3027 Noricus
1920 2983 2138 3035 1114741,

415 3049 685 3094 Dalmaticus
714 3053 802 3095 III
834 3054 879 3096 S.
917 3057 1073 3104 12729,
1116 3055 1339 3109 Hispanus
1367 3054 1429 3096 II
1449 3056 1571 3103 4787,
1620 3051 1932 3094 Volubilitanus
1963 3051 2140 3095 Maure-

417 3119 560 3160 taniae
588 3119 707 3162 Bull.
735 3121 791 3163 du
813 3121 975 3164 Gemite
992 3125 1101 3165 1891
1123 3138 1170 3177 p.
1192 3126 1271 3165 139
1300 3137 1341 3167 n.
1362 3124 1412 3174 5;
1432 3124 1663 3183 praeterea
1691 3119 1816 3162 multi
1843 3120 1928 3174 ipsi
1957 3122 1997 3162 et
2016 3121 2143 3175 patri
2232 3149 2237 3169 3

417 3199 661 3238 communes,
693 3188 786 3230 vide
815 3190 890 3231 sub
914 3192 1056 3243 patre.

502 3254 764 3298 Volusianus
794 3257 1019 3310 scriptores
1048 3256 1357 3311 (Βουλουσιανὸς
1386 3257 1546 3301 Graeci
1573 3256 1778 3306 nonnulli,
1810 3256 1865 3309 cf.
1888 3255 2053 3298 Muller
2081 3257 2138 3310 fr.

416 3320 511 3362 hist.
541 3321 618 3364 Gr.
650 3323 729 3365 IV
741 3339 790 3378 p.
811 3327 892 3367 598
920 3325 977 3378 fr.
999 3328 1079 3368 150
1109 3328 1227 3381 not),
1269 3327 1368 3370 item
1407 3327 1570 3369 nummi
1606 3324 1801 3369 nonnulli
1828 3325 1915 3379 ipsi
1941 3326 1982 3367 et
2012 3323 2142 3378 patri
2231 3304 2242 3344 '3³
