2242 3672
255 232 472 270 VOLVSIA
1114 221 1198 264 488
1829 227 2053 269 vonvsvs

339 363 553 404 Liciniam
589 359 828 404 Corneliam
860 358 925 402 M
964 358 994 412 f.
1035 356 1250 399 Volusiam
1295 356 1554 411 Torquatasm
1586 357 1637 400 L.
1670 357 1833 401 Vobusii
1860 357 2054 410 consulis,

343 431 529 485 auyuris,
550 443 720 471 uxorem
740 428 812 469 vix
831 429 940 469 recte
962 425 1139 468 coniecit
1158 424 1385 468 Stevenson
1403 424 1520 467 Bull.
1547 425 1641 468 dell'
1655 426 1762 468 Inst.
1785 428 1893 470 1885
1904 441 1953 482 p.
1973 429 2058 478 28,-

336 500 482 552 potius
501 499 587 552 fuit
604 500 652 539 ut
670 496 845 538 coniecit
865 495 1104 537 Mommsen
1120 493 1234 536 CIL.
1257 493 1326 536 VI
1328 508 1377 548 p.
1395 497 1515 545 1043,
1544 508 1594 537 eoe
1615 495 1801 549 posteris
1821 495 1868 549 Q.
1896 495 2060 538 Volusii

341 566 571 609 Saturnini
598 563 779 607 consulis
810 578 849 605 a.
880 565 934 605 56
964 565 1004 604 et
1030 562 1178 604 uxoris
1208 562 1297 604 eius
1332 562 1581 616 Torquatae,
1613 563 1795 617 fortasse
1823 563 1920 618 filia
1949 564 2060 615 eius,·

337 635 471 688 ipSius
499 634 595 689 filia
615 635 757 688 potest
775 632 907 686 fuisse
927 631 1101 673 Ia'cinia
1126 629 1326 673 Cornelia
1351 630 1524 674 Volusia
1549 631 1778 686 Torquata,
1810 632 1866 686 ef.
1885 635 2059 675 stemma

338 702 545 745 adiectum
575 701 633 744 ad
656 715 698 743 n.
730 703 821 743 666.

266 794 324 800 -
365 777 556 812 LICINIA
587 775 841 812 CORNELIA
872 773 1087 810 VOLVSIA
1118 773 1399 818 TORQVATA.

266 864 322 868 —
366 845 586 881 VOLVSVS
605 843 856 881 VALERIVS
875 842 1523 879 MESSALLA=L.VALERIVS
1539 843 1806 879 MESSALLA
1821 842 2058 881 VOLESVS.

254 907 337 949 669
367 907 418 950 L.
450 907 690 950 Vomanius
720 905 889 960 Victo[r
867 904 917 960 r]⁷
959 910 1214 961 procurator
1242 904 1371 959 Aug„
1403 919 1577 961 praeses
1606 904 1786 962 Alpium
1817 904 2059 949 Cottiarum

337 979 366 1018 t.
397 975 712 1030 Sequsionensis
742 974 793 1017 V
807 976 929 1024 7251.

252 1044 335 1087 670
365 1045 569 1087 Vonones
590 1043 782 1100 (Ὀνώνης
803 1046 863 1084 est
883 1043 929 1084 in
948 1042 1152 1093 nummis,·
1172 1040 1364 1098 Βονώνης
1380 1041 1608 1085 Strabonis
1623 1044 1663 1084 et
1676 1042 1849 1098 Iosephi
1867 1043 2058 1097 codices),

337 1111 536 1154 Phraatis
562 1112 675 1166 regis
696 1110 958 1153 Parthorum
978 1109 1093 1152 filius
1113 1116 1218 1152 natu
1238 1111 1453 1152 maximus
1483 1110 1604 1166 (Tac.
1626 1124 1666 1153 a.
1685 1113 1732 1162 2,
1752 1113 1813 1168 2),
1844 1126 1932 1154 una
1958 1126 2060 1155 cum

339 1181 477 1223 tribus
497 1180 705 1222 fratribus
732 1179 855 1222 obses
876 1179 1080 1221 Romanis
1103 1178 1228 1221 datus
1251 1178 1410 1222 Strabo
1430 1182 1494 1230 16,
1518 1182 1557 1230 1,
1578 1182 1639 1223 28
1658 1194 1708 1234 10.
1731 1182 1811 1222 748
1831 1180 1886 1235 cf.
1907 1183 1946 1233 6,
1966 1184 2006 1232 4,
2028 1183 2062 1225 2

333 1264 381 1304 p.
401 1251 516 1300 288;
537 1248 704 1302 Ioseph.
727 1251 814 1290 ant.
836 1250 903 1299 18,
925 1251 970 1299 2,
991 1251 1041 1299 4,·
1067 1247 1165 1290 Tae.
1189 1261 1229 1292 a.
1251 1251 1294 1298 2,
1316 1251 1356 1299 1,
1387 1249 1491 1291 item
1512 1254 1560 1290 ut
1578 1247 1753 1291 videtur
1771 1263 1870 1292 cum
1889 1249 2059 1292 Meher-

336 1317 435 1359 date
474 1316 561 1358 filio
603 1317 738 1371 (certe
778 1316 849 1358 hic
890 1330 1063 1373 quoque
1103 1315 1227 1358 obses
1267 1315 1385 1372 apud
1426 1317 1641 1359 Romanos
1680 1316 1844 1372 fuerat,
1888 1318 1986 1362 Tae.
2018 1332 2059 1362 a.

335 1390 398 1437 11,
434 1389 510 1437 10;
555 1389 594 1427 et
641 1389 810 1440 nepotes
859 1399 1019 1440 quoque
1067 1399 1096 1427 a
1136 1384 1334 1428 Phraate
1379 1385 1541 1428 obsides
1584 1385 1707 1428 clatos
1749 1399 1835 1429 esse
1875 1389 2063 1429 narrant

333 1454 555 1509 Auyustus
593 1467 702 1496 mon.
744 1453 904 1509 Ancyr.
943 1457 982 1505 6,
1012 1457 1061 1505 4,
1105 1453 1262 1498 Strabo
1294 1454 1320 1496 l.
1351 1467 1386 1497 c.
1399 1487 1410 1505 ,
1454 1454 1609 1497 Iustin.
1639 1457 1711 1505 42,
1743 1456 1784 1505 5,
1813 1453 1888 1509 12)
1927 1454 2062 1510 (circa

336 1537 494 1565 annum
522 1526 614 1573 745,
647 1523 701 1576 cf.
736 1523 974 1565 Mommsen
1002 1536 1112 1565 mon.
1134 1522 1295 1577 Ancyr.
1327 1522 1388 1565 ed.
1410 1526 1442 1566 2
1462 1537 1512 1578 p.
1533 1522 1646 1578 141).
1699 1522 1741 1566 A
1767 1522 1940 1566 Parthis
1964 1530 2063 1580 post

334 1599 516 1634 mortem
557 1591 778 1643 Phraatis,
821 1591 1096 1645 Phraatacis‚
1138 1590 1296 1634 Orodis
1334 1593 1564 1634 arcessitus
1604 1597 1648 1634 et
1686 1606 1766 1633 rex
1803 1592 2061 1635 constitutus

334 1660 552 1715 Auyustus
580 1674 690 1702 mon.
720 1659 880 1715 Aneyr.
909 1659 1063 1703 Graec.
1094 1662 1158 1710 17,
1190 1663 1268 1711 14;
1307 1660 1473 1714 Ioseph.
1506 1659 1532 1702 l.
1565 1673 1625 1712 e.,·
1671 1660 1769 1704 Tae.
1801 1674 1842 1703 a.
1871 1663 1916 1711 2,
1946 1664 1987 1704 1.
2015 1663 2060 1705 2.

335 1728 430 1770 Rex
449 1728 709 1770 Parthorum
737 1729 880 1782 factus
910 1732 970 1771 est
996 1729 1108 1771 inter
1138 1743 1177 1771 a.
1199 1743 1249 1783 p.
1278 1727 1380 1772 Chr.
1400 1732 1438 1779 6,
1471 1729 1590 1771 cuius
1619 1732 1820 1772 autumno
1850 1742 1974 1772 cusus
2002 1731 2065 1773 est

334 1811 526 1839 nummus
554 1797 707 1840 Orodis
734 1800 782 1839 ut
810 1797 988 1848 videtur,
1020 1801 1129 1840 certe
1158 1811 1243 1840 non
1274 1797 1400 1840 huius
1430 1798 1501 1853 (ef.
1531 1797 1607 1840 sub
1638 1793 1804 1853 Orode),
1836 1800 1876 1840 et
1904 1811 2062 1841 annum

331 1881 379 1920 p.
408 1865 508 1910 Chr.
541 1869 579 1916 9,
612 1879 704 1908 eum
733 1867 868 1920 ipsius
897 1879 1090 1908 nummus
1120 1869 1229 1908 extet
1259 1879 1382 1909 eusus
1409 1880 1520 1909 anno
1542 1865 1628 1910 Sel.
1647 1869 1737 1910 320
1762 1866 1826 1922 (p.
1853 1865 1953 1910 Chr.
1973 1865 2062 1922 81'9)

334 1938 511 1988 praeter
551 1934 721 1976 solitam
772 1935 1091 1989 inscri‘QOtionem
1136 1932 1334 1992 βασιλέως
1379 1935 1575 1993 βασιλέων
1619 1932 1807 1993 Ἀρσάκου
1853 1935 2061 1992 εὐεργέτου

337 2004 483 2046 δικαίου
514 2004 729 2061 ἐπιφανοῦς
760 2004 998 2061 φιλέλληνος
1026 2004 1185 2046 habens
1213 2004 1465 2059 inscriptwn
1495 2003 1554 2046 ad
1582 2007 1711 2059 caput
1737 2004 1851 2059 reqis
1881 2005 2064 2062 βασιλεὺς

337 2071 529 2129 βασιλέων
562 2071 734 2130 Ὀνώνης
773 2072 926 2127 (Peroy
963 2072 1165 2116 Gardner
1198 2087 1246 2127 p.
1277 2076 1353 2124 46,
1396 2073 1466 2127 of.⁴
1484 2073 1723 2115 Mommsen
1760 2086 1872 2115 mon.
1901 2072 2062 2128 ΛΜΨ.

336 2140 397 2184 ed.
418 2144 450 2183 2
470 2155 519 2195 10.
540 2142 651 2190 143).
711 2141 820 2184 Cum
852 2148 1003 2184 contra
1032 2156 1132 2183 eum
1162 2141 1425 2185 Artabanus
1448 2156 1471 2183 e
1501 2141 1649 2184 Media
1687 2141 1733 2182 in
1773 2154 1957 2196 regnum
1993 2155 2060 2184 ac-

337 2210 509 2260 ciretur,
541 2211 728 2266 primum
758 2210 933 2266 quidem
960 2212 1068 2253 vicit
1096 2210 1371 2253 Artabanum
1399 2210 1565 2265 Ioseph.
1598 2210 1626 2253 l.
1657 2223 1706 2261 c.,
1743 2209 1841 2253 Tac.
1872 2220 1912 2255 a.
1942 2212 1986 2262 2,
2011 2212 2063 2262 3,·

335 2278 496 2319 nummi
514 2278 711 2332 inseripti
731 2280 913 2336 βασιλεὺς
935 2277 1107 2337 Ὀνώνης
1128 2281 1310 2334 νεικήσας
1331 2276 1577 2336 Ἀρτάβανον,
1606 2293 1675 2334 ap.
1699 2277 1836 2333 Peroy
1862 2277 2064 2322 Gardmer

337 2345 553 2388 Parthian
578 2347 749 2401 eoinaye
771 2362 819 2402 p.
840 2351 906 2398 47,
939 2348 1012 2389 sed
1045 2347 1190 2404 paullo
1222 2353 1320 2404 post
1345 2348 1536 2390 vincitur
1566 2354 1609 2389 et
1637 2360 1769 2402 regno
1802 2346 2064 2390 exturbatur

335 2414 499 2468 Ioseph.
532 2415 558 2459 Z.
591 2429 639 2466 6.,
677 2416 774 2459 Tac.
808 2416 834 2458 l.
866 2430 900 2458 e.
959 2416 1145 2458 Factum
1183 2416 1231 2458 id
1259 2429 1344 2459 esse
1382 2415 1548 2458 videtur
1578 2430 1617 2458 a.
1640 2430 1689 2470 p.
1718 2414 1820 2458 Chr.
1850 2419 1927 2467 11,
1969 2428 2063 2458 oum

333 2497 526 2525 nummus
562 2484 651 2525 eius
691 2488 799 2526 extet
838 2498 961 2527 eusus
1001 2489 1201 2527 autumno
1245 2500 1284 2527 a.
1322 2488 1397 2536 11,
1441 2488 1564 2538 atque
1613 2499 1659 2527 eo
1705 2484 1797 2538 ipso
1844 2496 1956 2526 armo
1997 2484 2064 2526 in-

338 2552 501 2605 cipiant
539 2554 700 2594 nummi
739 2554 811 2606 qui
848 2553 1043 2596 videntur
1073 2567 1159 2596 esse
1188 2553 1410 2596 Artabani
1438 2554 1509 2609 (ef.
1540 2556 1676 2608 supra
1704 2553 1781 2595 sub
1811 2551 2066 2615 Artabano,-

338 2620 436 2661 item
467 2620 703 2663 Mommsen
731 2636 840 2665 mon.
872 2622 1030 2677 Aneyr.
1063 2623 1125 2665 ed.
1155 2627 1187 2666 2
1206 2637 1255 2677 p.
1278 2624 1387 2678 144).
1443 2622 1695 2664 Armeniam
1734 2635 1918 2664 vacuam
1958 2627 2063 2663 tunc

343 2695 526 2743 occupat
555 2689 720 2742 Ioseph.
753 2689 779 2731 Z.
802 2704 868 2740 ic„
917 2691 1014 2733 Tac.
1047 2706 1087 2736 a.
1118 2695 1161 2746 2,
1194 2694 1234 2734 3.
1265 2695 1304 2734 4.
1373 2691 1562 2745 Legatos
1602 2691 1783 2732 Romam
1822 2690 1956 2732 mittit
1996 2690 2064 2748 (ut

340 2769 521 2809 regnum
548 2756 779 2798 Armeniae
809 2774 835 2799 a
864 2759 1069 2801 Romanis
1099 2760 1183 2802 sibi
1215 2759 1574 2814 confirmaretur),
1607 2759 1683 2801 sed
1714 2757 1918 2801 Tiberius
1948 2757 1993 2800 id
2023 2757 2061 2799 ei

339 2825 517 2878 negavit
545 2826 712 2880 Ioseph.
744 2826 769 2870 Z.
797 2841 830 2869 e.
883 2827 993 2869 Cum
1024 2828 1272 2871 Artabanus
1303 2827 1464 2870 bellum
1497 2829 1535 2869 ei
1565 2828 1851 2882 minitaretur,
1884 2826 2064 2869 tradidit

338 2908 383 2934 se
414 2893 639 2948 (Caecilio)
671 2894 839 2937 Cretico
875 2896 1044 2951 Silano,
1086 2897 1239 2954 Syriae
1280 2896 1443 2952 legato,
1486 2912 1512 2939 a
1541 2911 1625 2953 quo
1657 2895 1853 2938 custodia
1882 2895 2061 2936 circum-

340 2961 491 3016 datur,
536 2969 752 3004 ‘manente
792 2963 897 3005 luxu
938 2972 979 3006 et
1019 2967 1137 3019 regio
1178 2966 1366 3007 nomine²
1401 2964 1566 3019 Ioseph.
1599 2964 1625 3007 l.
1658 2978 1705 3019 0.,
1747 2964 1847 3006 Tac.
1880 2976 1918 3005 a.
1947 2965 1991 3013 2,
2020 2965 2060 3006 4.

345 3029 518 3071 ‘Pulsus
549 3046 575 3071 a
606 3032 695 3073 suis
725 3033 847 3087 quasi
879 3033 921 3073 in
955 3033 1084 3075 fidem
1120 3034 1266 3091 populi
1298 3035 1481 3076 Romani
1513 3048 1608 3075 cum
1639 3033 1804 3087 ingenti
1834 3045 1944 3086 gaza
1973 3030 2062 3073 An-

339 3097 542 3140 tiochiam
573 3114 618 3140 se
648 3101 825 3155 recepit'
852 3100 967 3142 Suet.
997 3102 1086 3146 Tib.
1107 3106 1175 3145 49.
1228 3103 1390 3157 Pisoni,
1424 3101 1659 3144 successori
1691 3100 1839 3153 Silani,
1871 3099 2062 3155 gratissi-

340 3180 433 3207 mus
461 3167 531 3209 ‘ob
561 3168 749 3223 plurima
776 3168 920 3211 officia
941 3177 982 3211 et
1003 3171 1115 3213 dona
1136 3172 1293 3227 quibus
1321 3172 1574 3214 Plancinam
1596 3171 1868 3213 devinxerat?
1896 3169 1994 3212 Tae.
2018 3182 2058 3212 a.

342 3238 394 3283 2,
426 3237 490 3277 58.
560 3237 766 3278 Proceres
807 3237 1065 3280 Parthorum
1104 3240 1465 3283 Armeniorumve
1515 3240 1678 3282 nuntiis
1723 3238 1777 3280 ad
1816 3253 1886 3279 res
1924 3251 2061 3279 novas

344 3303 518 3356 instigat
537 3305 593 3347 ib.
645 3305 697 3348 A.
723 3306 774 3346 18
806 3313 958 3359 rogatu
981 3306 1191 3349 Artabani
1214 3308 1553 3365 Pompeiopolim
1574 3307 1753 3350 Ciliciae
1782 3310 1972 3348 remotus
2003 3305 2060 3350 ib.
