2242 3672
285 266 535 304 VALERIVS
1148 255 1232 298 368
1287 275 1290 277 ·
1838 246 2091 298 VALERIVS
2178 238 2218 323 ,ῥ’

373 398 526 442 Horat.
555 399 634 439 sat.
665 399 703 445 1,
724 398 790 445 10,
811 397 882 444 29,
916 393 965 435 cle
994 395 1090 434 art.
1104 395 1219 446 poet.
1250 394 1346 443 371,
1392 391 1512 434 ovid.
1545 391 1652 435 trist.
1679 395 1720 442 4,
1741 395 1781 442 4,
1801 393 1842 434 5.
1861 394 1928 443 31,
1961 405 2013 435 ex
2041 390 2094 435 P.
2170 395 2214 440 ,ἦ

371 471 415 517 2,
436 469 480 516 2,
502 467 567 507 53.
596 467 638 514 2,
660 466 698 513 3,
724 465 787 505 75.
819 465 858 512 3,
881 464 920 511 5,
944 464 983 512 7,
1016 460 1179 504 Seneca
1209 474 1326 515 apoc.
1350 463 1415 511 10,
1435 463 1479 505 2.
1534 459 1704 502 Iudicia
1729 459 1784 502 de
1812 474 1972 516 genere
2002 473 2093 503 ora-

373 537 538 577 tionum
561 533 652 573 eius
671 530 849 583 Quintil.
866 533 933 580 10,
950 533 988 580 1,
1006 532 1086 571 113
1105 529 1160 582 cf.
1183 532 1426 580 12,10,11,
1464 529 1564 573 Tae.
1586 528 1688 571 dial.
1710 531 1778 572 18.
1799 532 1870 572 21.
1907 529 2098 574 Graecas
2148 530 2201 570 -ἓίῑ

374 602 588 645 orationes
608 601 652 641 in
674 599 882 641 Latinum
913 597 967 639 ab
992 612 1042 639 eo
1063 611 1212 639 versas
1240 604 1450 640 memorat
1475 597 1651 651 Quintil.
1673 600 1740 648 10,
1761 599 1800 648 5,
1823 601 1867 641 2.
1909 595 2099 640 Multum
2224 603 2226 605 '

371 669 427 711 ad
456 674 649 725 posteros
678 666 842 722 gloriae
872 665 1053 708 tradidit
1082 666 1258 719 Quintil.
1285 669 1355 717 12,
1377 669 1443 717 11,
1465 669 1536 711 28.
1572 691 1624 696 -
1653 665 1841 708 Videtur
1870 665 2099 723 reliquisse

378 738 506 780 etiam
548 736 603 778 ad
643 735 865 777 historiam
906 735 972 776 sui
1024 736 1230 790 temporis
1279 736 1543 792 pertinentes
1592 735 1940 790 commentarios,
1987 748 2098 792 quos

373 807 507 847 citant
538 804 655 846 Plat.
685 803 811 846 Brut.
831 806 900 845 40.
921 807 992 847 42.
1012 805 1078 854 45,
1112 803 1228 846 Suet.
1258 803 1371 858 Aay.
1401 806 1454 846 74
1491 804 1546 857 ef.
1577 803 1694 846 Plin.
1719 803 1759 848 h.
1793 817 1835 846 n.
1865 805 1931 854 33,
1952 804 2020 847 50.
2043 826 2096 863 ή-

372 876 603 916 Praeterea
634 873 805 928 scripsit
834 886 918 913 non
951 886 1091 928 pauca
1110 871 1165 914 ad
1191 886 1282 914 rem
1302 873 1629 926 grammaticam
1649 872 1934 928 pertinentia:
1957 878 2101 928 ‘quos-

373 942 472 984 dam
502 948 612 984 totos
642 938 812 983 libellos
843 954 929 982 non
960 939 1105 982 verbis
1135 939 1263 982 modo
1294 939 1475 995 singulis
1506 940 1583 982 sed
1614 941 1742 982 etiam
1773 939 1931 983 litteris
1959 938 2095 982 dedit’

369 1011 510 1064 Quint.
531 1013 569 1060 1,
593 1012 631 1060 7,
649 1012 704 1052 35
713 1022 727 1060 ;
757 1009 811 1063 ef.
835 1009 890 1051 ib.
904 1012 955 1060 -1,
974 1012 1012 1060 5,
1033 1010 1098 1052 15.
1130 1012 1168 1060 1,
1191 1012 1230 1060 7,
1252 1012 1323 1052 23.
1356 1012 1395 1060 9,
1415 1012 1455 1060 4,
1478 1011 1548 1051 38.
1600 1010 1917 1054 Grammaticos
1936 1007 2099 1052 littera-
2203 1046 2235 1069 ,⁵¹

372 1087 486 1120 tores
509 1079 720 1120 vocitatos
747 1092 839 1119 esse
873 1078 933 1119 ‘in
962 1077 1149 1133 quadam
1180 1077 1366 1134 epistula
1392 1077 1594 1120 ostendit‘
1626 1078 1742 1122 Suet.
1774 1077 1824 1120 de
1850 1091 2031 1132 yramm.
2057 1080 2125 1120 42

376 1146 671 1189 ‘Exactissimi
713 1146 875 1200 ingenii
916 1147 959 1187 in
997 1161 1147 1189 omnes
1184 1146 1429 1189 studiorum
1458 1153 1625 1204 partes,
1656 1146 1804 1189 Latini
1833 1147 1985 1203 utique
2013 1160 2101 1189 ser-
2205 1134 2223 1153 '⁵

372 1217 512 1257 monis
543 1215 794 1257 observator
824 1213 1194 1269 diligentissimus‘
1223 1214 1384 1258 Seneca
1409 1218 1591 1258 controv.
1611 1218 1654 1266 2,
1675 1218 1715 1266 4,
1738 1217 1768 1257 8
1776 1228 1791 1267 ;
1820 1215 1876 1269 of.
1896 1213 2016 1258 Acro
2043 1213 2104 1258 ad

374 1284 483 1326 Hor.
495 1286 574 1325 sat.
588 1287 625 1334 1,
637 1287 702 1333 10,
714 1285 784 1326 25.
807 1283 971 1325 Versus
988 1298 1161 1340 quoque
1176 1283 1279 1326 fecit
1293 1298 1448 1340 parum
1465 1298 1636 1326 severos
1652 1289 1701 1326 ut
1714 1282 1890 1326 videtur
1900 1282 2020 1327 Ptin.
2035 1297 2100 1339 ep.

372 1356 411 1403 5,
437 1355 475 1402 3,
502 1355 529 1394 5
558 1350 719 1403 (eadem
749 1351 942 1393 earmina
970 1353 1200 1394 memorari
1220 1355 1381 1406 patant
1410 1352 1538 1395 eatal.
1570 1352 1723 1407 Vergil.
1745 1355 1812 1404 11,
1833 1355 1890 1395 13
1908 1351 2024 1408 seq.)-

458 1421 624 1462 Fautor
645 1419 814 1474 Ovidii,
846 1435 944 1462 eum
967 1420 1023 1462 ad
1045 1420 1212 1463 edenda
1232 1421 1425 1463 carmina
1450 1420 1623 1478 impulit
1644 1420 1764 1465 Ovid.
1781 1434 1832 1464 ex
1846 1420 1897 1464 P.
1913 1423 1954 1472 1,
1972 1424 2010 1473 7,
2026 1423 2101 1466 27.

373 1493 415 1540 2,
437 1493 476 1540 3,
499 1492 556 1531 77
583 1489 638 1542 ef.
666 1488 793 1531 Trist.
815 1492 855 1539 4,
876 1492 915 1539 4,
937 1492 995 1532 29
1015 1502 1097 1543 seq.
1148 1489 1395 1532 Familiaris
1425 1491 1518 1532 eius
1548 1489 1762 1545 Tibullus,
1794 1504 1924 1546 quem
1951 1503 2101 1533 secum

374 1559 501 1600 duxit
521 1559 566 1599 in
588 1557 937 1613 expeditionibus
965 1557 1118 1599 Tiball.
1140 1561 1178 1608 1,
1198 1561 1238 1608 3,
1259 1560 1325 1600 56.
1347 1562 1386 1613 1,
1407 1562 1446 1609 7,
1468 1562 1494 1601 9
1514 1572 1595 1613 seq.
1619 1565 1662 1601 et
1681 1573 1811 1616 quem
1832 1557 1944 1602 bello
1964 1557 2101 1615 Aqui-

375 1627 515 1669 tanico
548 1625 671 1667 donis
701 1624 964 1668 militaribus
984 1625 1165 1668 donavit
1183 1626 1274 1667 vita
1300 1625 1471 1668 Tibulli.
1515 1625 1585 1668 Ad
1617 1641 1715 1668 eum
1746 1626 1895 1669 datum
1925 1640 2102 1669 carmen

376 1696 488 1736 inter
517 1693 766 1737 Tibulliana
796 1701 1017 1750 receptum
1050 1695 1357 1751 ‘panegyricus
1386 1694 1630 1738 Messallae‘
1661 1695 1752 1740 Tib.
1773 1699 1812 1746 4,
1834 1699 1883 1748 1,·
1911 1696 2016 1739 item
2043 1693 2103 1739 ad

373 1778 468 1805 eum
509 1764 700 1805 carmina
739 1763 899 1822 Tibulli
931 1767 978 1814 1,
1008 1766 1047 1807 3.
1088 1767 1127 1814 1,
1160 1766 1189 1805 7
1220 1763 1467 1818 (praeterea
1505 1763 1651 1806 datam
1689 1764 1747 1806 ad
1783 1778 1877 1807 eum
1915 1762 2103 1806 ereditur

377 1846 544 1873 carmen
565 1831 691 1873 catal.
714 1831 867 1886 Veryil.
888 1835 970 1883 11).
1008 1832 1196 1874 Domum
1217 1832 1398 1888 praebet
1418 1833 1659 1875 recitationi
1683 1832 1854 1876 Sextilii
1875 1831 2102 1876 cuiusdam

375 1907 524 1956 poetae
557 1900 717 1942 Seneca
745 1913 858 1942 suas.
890 1904 928 1951 6,
959 1904 1029 1944 27.
1087 1900 1237 1943 Verba
1267 1901 1429 1943 faciens
1460 1901 1684 1944 inducitur
1712 1917 1739 1944 a
1768 1902 2021 1945 Maecenate
2054 1901 2111 1944 iu.
2172 1900 2218 1944 5⁷?

377 1970 604 2025 symposio,
640 1969 709 2010 cui
731 1970 858 2011 etiam
881 1969 1101 2024 Vergilius
1124 1976 1166 2011 et
1186 1970 1395 2012 Horatius
1414 1969 1705 2013 interfuerunt
1724 1970 1896 2015 Semus
1915 1969 1974 2013 ad
1990 1969 2101 2014 Aen.

376 2041 415 2087 8,
437 2040 516 2079 310
538 2041 700 2089 (nomen
717 2038 936 2080 Messalae
957 2042 1212 2093 corruptam,
1234 2039 1421 2081 restituit
1433 2038 1624 2094 Daniel).
1655 2039 1923 2083 Memoratur
1937 2039 2101 2083 Seneca

375 2119 487 2149 saaS.
509 2109 548 2155 3,
572 2109 609 2156 6,
634 2110 764 2150 eamr.
784 2110 828 2157 2,
849 2110 888 2157 4,
912 2110 979 2149 10.
1000 2110 1029 2149 3
1039 2108 1187 2162 praef.
1208 2111 1274 2152 14.
1310 2108 1500 2150 Puerum
1521 2108 1737 2165 quendam
1760 2114 1916 2151 natura
1934 2113 2102 2151 mutum
2210 2151 2227 2163 λ,

378 2175 700 2230 propinquitate
730 2175 814 2217 sibi
846 2177 1125 2218 coniunctum
1155 2178 1370 2232 picturam
1391 2176 1634 2219 docendum
1664 2177 1834 2219 censuit
1853 2175 1974 2220 Plin.
1993 2175 2036 2223 h.
2055 2189 2101 2218 n.

375 2245 439 2293 35,
452 2246 523 2285 21.
546 2242 738 2299 Sibyllae
755 2250 916 2286 statuas
933 2244 1040 2286 duas
1057 2245 1100 2286 in
1118 2245 1267 2287 rostris
1283 2246 1444 2301 positas
1460 2246 1650 2288 restituit
1660 2245 1779 2288 Plin.
1790 2245 2102 2297 h.n.34‚22.—-
2166 2240 2219 2300 ’,ἐς-

377 2311 589 2353 Incertam
619 2312 712 2365 qais
742 2311 802 2354 M.
823 2312 1025 2355 Valerius
1056 2312 1244 2355 Messala
1270 2313 1389 2356 GIA.
1416 2314 1506 2356 ΙΙΙ
1525 2317 1630 2357 571⁶
1653 2328 1700 2369 p.
1721 2316 1816 2357 498.

293 2380 343 2421 91
377 2385 428 2420 M.
459 2385 710 2422 VALERIVS
751 2387 1018 2422 MESSALLA
1059 2387 1306 2424 coRVIst
1348 2397 1433 2425 cos.
1474 2398 1512 2428 a.
1549 2398 1591 2439 p.
1623 2378 1826 2428 Chr.'58.
1892 2383 2103 2437 Quattuor

373 2448 546 2489 nomina
575 2449 750 2502 saepias
774 2449 820 2491 iri
847 2450 953 2492 actis
983 2450 1236 2502 Arvalium
1265 2450 1468 2493 Valerius
1499 2451 1687 2494 Messala
1722 2452 1820 2494 Tae.
1877 2451 1934 2495 In
1961 2464 2107 2495 consu-

378 2515 469 2557 latu
504 2516 562 2557 M.
594 2515 798 2559 Valerius
837 2517 1070 2573 M[essalla]
1113 2521 1154 2560 et
1188 2518 1274 2561 alio
1306 2518 1395 2562 loeo
1427 2519 1502 2574 [M.
1533 2519 1753 2575 Valerius]
1785 2518 1992 2563 Messalla
2020 2519 2106 2563 tab.

378 2587 522 2625 cerata
551 2584 817 2639 Pompeiana
848 2600 917 2640 ap.
951 2586 999 2629 de
1029 2586 1205 2629 Petram
1231 2601 1274 2629 ri.
1305 2591 1405 2639 122,
1444 2587 1504 2632 M.
1535 2588 1739 2631 Messalla
1769 2587 1987 2631 Corvinus
2017 2587 2109 2631 alia

381 2652 478 2702 tab„
512 2652 568 2696 ib.
595 2666 637 2696 ri.
669 2656 775 2704 121,
817 2654 1004 2697 Messala
1034 2654 1251 2698 Corvinus
1281 2656 1391 2710 fasti
1417 2656 1603 2711 Hydat„
1634 2657 1694 2700 M.
1725 2656 1930 2700 Messalla
1958 2655 2110 2700 tabula

381 2723 526 2761 cerata
557 2735 624 2774 ap.
655 2721 704 2763 de
725 2721 900 2765 Petram
929 2737 972 2766 rc.
995 2727 1088 2775 117,
1117 2723 1306 2767 Messala
1331 2724 1551 2780 chronoyr.
1583 2740 1623 2770 a.
1644 2728 1738 2769 354.
1783 2725 1980 2768 Oratoris
2001 2724 2108 2768 Cor·
2153 2715 2218 2776 ἸΪῇξῖ

380 2788 469 2828 vini
491 2803 705 2844 pronepos
732 2791 830 2833 Tae.
853 2806 892 2833 a.
914 2795 979 2842 13,
1002 2795 1069 2834 34.
1100 2792 1246 2847 Nepos
1262 2793 1429 2835 violetur
1447 2794 1580 2847 faisse
1600 2794 1668 2837 M.
1690 2794 1855 2837 Valerii
1873 2793 2109 2837 Messallae
2167 2785 2215 2847 j}

383 2855 628 2898 Messallini
658 2859 841 2901 consulis
871 2874 909 2902 a.
940 2874 982 2902 a.
1015 2874 1048 2904 c.
1081 2863 1181 2911 751,
1222 2861 1339 2915 filias
1367 2861 1434 2904 M.
1468 2861 1631 2905 Valerii
1659 2861 1895 2906 Messallae
1924 2861 2110 2906 emulis

380 2938 420 2967 a.
435 2938 483 2978 p.
508 2924 610 2967 om.
625 2927 696 2968 20.
737 2926 893 2969 Frater
912 2927 1100 2983 Arvalis,
1124 2929 1266 2983 adfuit
1285 2930 1330 2971 in
1351 2929 1532 2985 collegio
1558 2945 1595 2976 a.
1619 2931 1702 2975 inc.
1725 2931 1839 2973 inter
1859 2946 1898 2973 a.
1914 2931 1970 2973 50
1991 2936 2034 2973 et
2053 2929 2109 2973 54

389 2991 456 3033 VI
469 2995 581 3035 2034
609 3007 645 3038 v.
667 2997 699 3037 2
719 2995 835 3050 (nam
855 2996 927 3038 vioe
947 2996 1059 3039 alias
1091 3029 1102 3040 .
1120 3029 1130 3040 .
1147 3029 1158 3039 .
1192 2997 1428 3052 [MJessalla
1455 2998 1757 3055 siqnifioatar),
1790 2998 1948 3041 deinde
1975 3013 2016 3042 a.
2036 2998 2106 3054 57,
2161 2994 2222 3058 ”j

385 3061 450 3114 58,
483 3062 537 3103 59
570 3065 649 3104 aot.
672 3062 776 3105 Arv.
810 3063 878 3106 VI
893 3068 1173 3109 2039-2042.
1220 3065 1384 3109 Consul
1406 3067 1655 3123 designatus
1687 3068 1756 3111 VI
1777 3070 1903 3111 2039.
1944 3065 2109 3110 Consul

383 3127 472 3171 ord.
504 3144 542 3170 a.
575 3130 628 3171 58
669 3145 769 3172 cum
808 3132 981 3174 Nerone
1021 3133 1208 3176 Caesare
1246 3135 1315 3177 III
1353 3135 1480 3189 fasti,
1522 3136 1680 3179 deinde
1719 3150 1819 3178 cum
1850 3135 1899 3178 O.
1925 3135 2108 3178 Fonteio

382 3195 613 3252 (Agrippa)
649 3199 734 3242 tab.
767 3203 912 3242 cerata
939 3215 982 3242 n.
1003 3204 1104 3245 122.
1145 3203 1320 3259 Pauper
1349 3205 1440 3247 sine
1471 3204 1620 3261 culpa;
1649 3205 1764 3248 Nero
1796 3205 1833 3246 ei
1865 3203 2108 3246 sesterfium

384 3262 422 3303 L
453 3262 571 3305 milia
611 3280 755 3307 annua
793 3268 1015 3310 constituit
1056 3270 1153 3312 Tac.
1186 3270 1213 3312 l.
1246 3284 1279 3312 o.
1311 3271 1444 3326 (harae
1477 3273 1542 3315 vel
1572 3273 1819 3328 proyeniem
1852 3272 1943 3315 eius
1979 3271 2108 3327 siyni-
2171 3277 2225 3319 ἷῗ

382 3330 509 3384 ficari
538 3346 565 3372 a
594 3333 797 3375 Iuvenale
827 3338 865 3385 1,
896 3339 981 3377 107
1007 3338 1183 3380 coniecit
1208 3338 1468 3395 Boryhesias
1497 3355 1592 3396 opp.
1621 3343 1661 3392 5,
1685 3340 1797 3395 531).
