2242 3672
170 247 394 286 'VETTIVS
1049 249 1099 290 41
1109 249 1128 291 l
1783 256 1996 293 VETTIVS

180 382 264 425 322
296 388 338 425 O.
364 389 577 426 VETTIVS
608 390 822 427 ATTICVS
854 391 1157 429 SABINIANVS
1199 386 1350 430 consul
1381 386 1474 431 ord.
1505 403 1544 430 a.
1575 403 1616 445 p.
1649 387 1752 432 Chr.
1783 389 1867 432 242
1898 403 1997 431 cum

267 450 316 494 C.
349 451 501 494 Asinio
542 453 821 496 Praetextato
853 454 961 507 fasti
995 454 1063 508 (O.
1096 455 1270 498 Vettius
1301 455 1474 498 Atticus
1515 456 1583 499 VI
1604 459 1728 499 2133.
1768 456 1849 500 IX
1869 460 1995 507 3429,

266 519 451 568 Εὖέττιος
468 547 518 552 ——
537 534 618 566 ser.
641 520 823 569 Οὐέττιος
841 547 891 552 -—
910 521 1075 571 Ἀττικός
1096 527 1123 566 t.
1144 523 1407 580 Amoryinus
1426 524 1548 568 Bull.
1572 525 1622 568 de
1643 539 1752 568 carr.
1772 525 1867 569 hell.
1889 528 1997 569 1891

259 604 308 644 p.
328 593 421 641 587,
451 590 625 633 Atticus
646 591 922 646 plerumque;
954 592 1216 635 Sabinianus
1246 593 1370 636 VIII
1381 595 1505 645 5509,
1535 594 1610 637 sed
1627 594 1739 638 idem
1757 595 1849 637 sine
1869 594 1996 638 dubio

264 658 536 714 intelleyitur,
578 673 672 701 eum
711 659 823 702 alius
860 659 1163 703 Praetextatus
1199 662 1344 704 consul
1385 662 1630 705 ordinarius
1658 676 1745 706 non
1773 664 1831 705 sit
1857 667 1993 715 notus,

264 728 319 781 ef.
350 726 564 782 Borghesi
592 742 685 783 opp.
717 730 758 779 8,
788 730 900 784 565).
959 729 1101 781 Idem,
1143 734 1191 773 ut
1231 731 1407 774 coniecit
1446 731 1697 782 WlmannS,
1741 731 1790 776 O.
1821 732 1995 776 Vettius

170 829 173 834 .
262 796 426 840 Gratus
447 795 622 839 Atticus
654 796 916 840 Sabinianus
948 797 1213 842 clarissimus
1244 814 1353 856 puer
1384 799 1508 842 VIII
1527 802 1617 843 823
1647 800 1787 855 (infra
1815 815 1857 844 n.
1878 804 1993 857 329).

260 863 326 919 Cf.
350 868 580 920 praeterea
607 869 786 908 stemma
816 866 1026 909 adiectum
1057 867 1115 910 ad
1142 882 1184 910 n.
1215 870 1315 911 328.

173 934 257 977 323
287 940 340 976 M.
354 933 410 986 (P)
442 940 656 977 VETTIVS
698 941 929 978 BOLANVS
972 936 1162 991 (Vettius
1194 937 1387 979 Bolanus
1423 937 1546 988 Tae„
1579 937 1759 980 Vectius
1800 938 1994 982 Bolanus

260 1003 450 1046 traditur
490 1018 560 1058 ap.
593 1003 705 1046 Stat.
736 1004 829 1048 sztv.
870 1005 917 1047 in
955 1006 1234 1061 inscriptione
1273 1006 1477 1048 carminis
1505 1008 1545 1057 5,
1576 1009 1620 1056 2,
1659 1006 1849 1049 Bolanus
1881 1007 1994 1053 Stat.

257 1074 296 1123 5,
313 1075 357 1123 2,
374 1075 536 1127 37seq.,
557 1074 741 1125 nummi;
758 1087 1023 1129 praenomen
1042 1089 1093 1118 ex
1113 1078 1141 1117 t.
1163 1075 1330 1117 urbano
1355 1074 1422 1117 VI
1435 1078 1487 1117 65
1510 1078 1549 1118 et
1569 1090 1620 1118 ex
1645 1079 1803 1119 tessera
1824 1076 1994 1132 yladia-

258 1142 385 1192 toria,
416 1141 491 1184 sed
517 1142 724 1184 incertum
751 1157 853 1185 num
884 1143 943 1186 ad
969 1143 1080 1185 hune
1102 1144 1427 1198 pertinentibus,
1461 1144 1515 1198 ef.
1546 1144 1700 1199 infra).

344 1210 538 1266 Legatus
569 1210 752 1266 legionis
789 1213 835 1254 in
864 1211 1075 1255 Armenia
1113 1212 1195 1255 sub
1228 1211 1476 1255 Corbulone
1506 1228 1544 1256 a.
1577 1214 1632 1256 62
1669 1213 1768 1256 Tae.
1801 1229 1841 1257 a.
1873 1217 1937 1266 15,
1967 1218 1996 1257 3

258 1279 314 1334 cf.
345 1279 459 1324 Stat.
491 1280 584 1322 silv.
614 1283 653 1331 5,
686 1284 729 1331 2,
761 1284 822 1324 32
848 1294 932 1335 seq.
957 1285 1050 1324 141.
1103 1281 1266 1325 Consul
1298 1281 1411 1325 Stat.
1442 1295 1479 1325 v.
1509 1285 1595 1324 167
1623 1281 1853 1338 (suffectus,
1886 1287 1995 1325 certe

259 1352 356 1392 ante
388 1363 427 1393 α.
458 1349 542 1399 69).
603 1348 812 1392 Fortasse
841 1349 910 1392 hie
940 1350 1000 1395 Μ.
1031 1350 1207 1394 Vettius
1234 1350 1386 1393 consul
1416 1365 1514 1393 cum
1544 1351 1604 1394 M.
1637 1351 1701 1394 Ar
1719 1384 1729 1394 .
1748 1384 1758 1394 .
1778 1384 1814 1395 ..
1846 1367 1994 1395 mense

257 1418 365 1460 Dec.
397 1433 435 1460 a.
468 1418 553 1460 inc.
586 1421 745 1460 tessera
782 1418 1051 1473 yladiatoria
1082 1417 1194 1464 CIL.
1227 1420 1261 1462 I
1281 1422 1364 1462 776
1403 1419 1604 1475 (fortasse
1640 1420 1770 1463 iidem
1806 1421 1995 1463 eonsules

252 1486 428 1541 fuerwnt
456 1487 502 1529 in
533 1488 641 1530 actis
670 1487 909 1531 Arvalibus
939 1488 1009 1531 VI
1029 1492 1155 1540 2044,
1187 1492 1219 1532 2
1246 1502 1283 1530 υ.
1305 1491 1377 1539 20,
1408 1489 1486 1531 ubi
1514 1489 1580 1531 M.
1611 1489 1819 1532 Arruntii
1844 1504 1995 1533 nomen

255 1558 422 1598 tantum
451 1558 580 1606 extat,
623 1557 697 1610 qui
734 1559 926 1599 aetorum
964 1557 1079 1600 loeus
1107 1557 1274 1600 videtur
1303 1561 1495 1612 spectare
1526 1557 1585 1600 ad
1614 1572 1654 1600 a.
1677 1561 1743 1609 66,
1773 1561 1823 1600 ut
1852 1558 1995 1601 consul

258 1625 393 1680 fuerit
423 1639 537 1667 anno
566 1627 620 1667 66
629 1638 643 1677 ;
680 1626 771 1668 sine
801 1625 955 1669 idonea
985 1639 1116 1669 eausa
1147 1641 1259 1669 anno
1290 1630 1342 1669 67
1370 1626 1634 1669 consulatum
1665 1628 1754 1670 eius
1783 1627 1995 1669 tribuerat

256 1693 547 1749 Waddinyton
575 1694 709 1748 fustes
737 1708 780 1737 n.
802 1697 888 1751 97).
948 1694 1003 1738 A.
1033 1696 1088 1739 69
1129 1711 1155 1738 a
1185 1695 1363 1738 Vitellio
1404 1697 1560 1738 missus
1600 1695 1770 1751 legatus
1809 1710 1887 1753 pro
1929 1712 1993 1754 pr.

254 1764 299 1806 in
329 1763 624 1818 Britanniam,
668 1778 895 1806 successor
937 1763 1147 1808 Trebellii
1183 1765 1365 1807 Maximi
1403 1765 1503 1808 Tae.
1535 1765 1577 1807 h.
1607 1768 1650 1815 2,
1684 1768 1748 1808 64.
1780 1768 1844 1816 97,
1886 1765 1993 1820 Ayr.

253 1835 296 1876 8.
326 1836 380 1876 16
391 1846 405 1885 ‚·
434 1832 547 1877 Stat.
581 1832 607 1875 ἶ.
641 1846 674 1875 c.
705 1846 743 1876 v.
773 1836 828 1877 54
853 1847 936 1888 seq.
995 1833 1210 1876 Militibus
1251 1849 1399 1889 carus,
1444 1834 1521 1876 sed
1563 1833 1751 1876 imbellis
1786 1834 1996 1877 adversus

255 1901 422 1944 hostem
449 1901 547 1946 Tae.
570 1901 678 1957 Ayr.
702 1901 730 1944 l.
752 1915 786 1945 e.
833 1889 1123 1946 Successitlei
1155 1902 1354 1945 Petillius
1387 1901 1571 1946 Cerialis
1608 1903 1707 1948 Tac.
1741 1902 1766 1945 l.
1799 1917 1832 1947 c.
1861 1903 1918 1959 (a.
1943 1906 1996 1945 71

252 1974 302 2014 ut
329 1971 495 2014 videtur
526 1971 581 2025 ef.
612 1971 778 2026 Ioseph.
812 1971 905 2016 bell.
938 1975 976 2023 7,
998 1976 1037 2023 4,
1059 1975 1114 2024 2;
1144 1972 1326 2015 Hubner
1352 1984 1457 2016 mus,
1489 1971 1627 2015 Rhen.
1656 1974 1714 2015 12
1734 1987 1783 2026 p.
1808 1975 1875 2015 50.
1905 1971 1993 2026 52).

254 2039 494 2084 Proconsul
534 2039 667 2082 Asiae
707 2040 874 2084 Statius
917 2055 954 2083 v.
995 2044 1062 2092 57,
1103 2042 1267 2084 nummi
1306 2041 1640 2096 Smyrnaeorum
1685 2055 1754 2096 ap.
1799 2040 1996 2083 Mionnet

253 2110 342 2154 ΙΙΙ
358 2112 448 2153 223
466 2122 548 2163 seq.
579 2111 768 2153 n.1246.
799 2113 925 2152 1249.
955 2113 1070 2153 1253
1089 2123 1193 2164 seq„
1226 2110 1364 2165 suppl.
1397 2110 1467 2152 VI
1485 2112 1723 2160 3341658.
1756 2112 1991 2160 336,1668.

253 2181 374 2229 1669,
405 2177 520 2220 Brit.
557 2178 674 2220 Mus.
702 2182 783 2222 cat.
806 2178 937 2221 Ionia
957 2193 1006 2234 p.
1028 2182 1132 2230 272,
1162 2182 1379 2229 294—300,
1409 2178 1540 2229 alibi,
1571 2179 1812 2234 imperante
1834 2178 1995 2235 Vespa-

255 2249 376 2291 siano
406 2248 571 2290 nummi
599 2247 779 2301 (nummi
806 2261 874 2302 ap.
899 2247 1098 2290 Mionnet
1126 2248 1265 2302 suppl.
1298 2247 1367 2290 VI
1382 2250 1477 2298 336,
1501 2250 1622 2289 1666.
1650 2250 1745 2299 337,
1768 2250 1878 2290 1674
1903 2248 1994 2289 sine

255 2317 384 2360 dubio
408 2316 520 2359 male
546 2316 642 2359 lecti
670 2319 780 2367 sunt,
814 2317 869 2370 cf.
902 2316 1191 2371 Waddinyton
1210 2317 1345 2370 fastes
1365 2316 1391 2358 l.
1415 2319 1480 2371 a).
1512 2316 1729 2359 Patricius
1750 2323 1798 2358 ut
1820 2316 1994 2359 videtur

255 2394 300 2443 (a
321 2386 582 2441 Vespasiano
603 2386 786 2440 fortasse
808 2386 920 2427 inter
942 2386 1156 2440 patricios
1183 2385 1403 2440 adlectus),
1436 2391 1554 2427 certe
1573 2384 1688 2428 filius
1712 2386 1803 2427 eius
1833 2385 1993 2442 Crispi-

257 2470 339 2498 nus
371 2455 581 2512 patricius
601 2454 710 2498 Stat.
734 2454 761 2498 l.
784 2468 818 2499 c,
838 2469 874 2499 v.
896 2457 968 2499 28.
1015 2455 1228 2508 Decessit,
1250 2454 1362 2496 filios
1384 2453 1493 2496 duos
1514 2453 1722 2511 parvulos
1742 2453 1993 2511 relinquens

255 2524 365 2569 Stat.
398 2523 425 2566 l.
457 2538 492 2567 e.
520 2537 557 2566 v.
590 2526 643 2566 64
663 2537 744 2577 seq.
776 2547 832 2554 —
863 2523 1009 2566 Huius
1047 2526 1095 2565 ut
1133 2522 1298 2565 videtur
1330 2523 1464 2566 Vettii
1506 2522 1661 2566 Bolani
1699 2522 1793 2565 dies
1835 2523 1992 2566 natalis

256 2595 300 2637 ni
344 2593 471 2636 fallor
508 2594 659 2651 (ἡμέρα
696 2593 946 2650 ἑορτάσιμος)
985 2599 1034 2635 ut
1070 2593 1302 2649 quotannis
1339 2591 1634 2635 celebraretur
1664 2591 1837 2635 Vettius
1868 2591 1992 2634 Philo

256 2662 414 2720 aliquis
453 2662 765 2705 decurionibus
803 2661 1015 2718 Deuriopi
1051 2663 1095 2703 in
1125 2661 1384 2703 Macedonia
1413 2675 1626 2703 summam
1661 2659 1838 2718 reliquit
1867 2676 1906 2707 a.
1935 2661 1990 2704 95

256 2732 326 2774 vel
348 2733 402 2774 96
433 2735 459 2774 t.
473 2746 612 2787 prope
634 2732 856 2774 Monastir
884 2745 987 2786 rep„
1020 2730 1185 2774 Hellen.
1209 2730 1363 2785 philol.
1384 2730 1475 2785 syll.
1496 2733 1536 2781 5,
1567 2733 1679 2773 1870
1706 2729 1848 2773 Gonst.
1870 2744 1919 2785 p.
1946 2732 1989 2774 2.

255 2801 348 2844 Aut
366 2801 436 2844 hie
458 2804 534 2844 aut
557 2802 596 2843 is
616 2801 691 2855 qui
708 2801 897 2855 sequitur
917 2800 977 2845 M.
999 2800 1174 2843 Vettius
1193 2799 1399 2854 Bolanus,
1422 2799 1623 2842 dominus
1643 2798 1811 2842 insulae
1832 2799 1991 2842 Trans-

258 2871 491 2925 tiberinae,
535 2870 658 2912 cuius
698 2870 818 2912 iussu
862 2870 1100 2912 sacrarium
1140 2869 1288 2911 Bonae
1327 2867 1435 2911 deae
1475 2867 1687 2910 refectum
1719 2867 1795 2923 ,VI
1816 2870 1881 2911 65.
1913 2870 1971 2910 67
1979 2881 1993 2918 ,·

164 2981 167 2983 ,
256 2938 316 2983 Μ.
357 2939 531 2982 Vettius
581 2937 773 2981 Bolanus
813 2937 1081 2992 siynaoulum
1121 2951 1289 2980 aereum
1327 2937 1505 2980 Matriti
1539 2937 1809 2980 adservatum
1847 2936 1910 2979 II
1943 2936 1988 2980 S.

255 3011 380 3059 6259,
411 3011 477 3051 19.

171 3079 257 3121 324
289 3084 341 3119 M.
368 3082 582 3119 VETTIVS
615 3082 848 3118 BOLANVS
878 3074 1029 3118 consul
1060 3075 1152 3118 ord.
1183 3091 1222 3118 a.
1247 3076 1326 3118 111
1361 3090 1459 3117 cum
1491 3074 1540 3119 G.
1563 3073 1801 3131 Calpurnio
1831 3074 1991 3117 Pisone

257 3146 366 3201 fasti
393 3146 500 3198 (tria
527 3146 704 3188 nomina
734 3144 803 3187 VI
817 3147 924 3189 222.
954 3144 1064 3187 XII
1076 3147 1205 3195 1840;
1235 3143 1430 3187 Iulianus
1450 3144 1560 3198 fasti
1577 3142 1771 3198 Hydat).
1818 3142 1992 3186 Videtur

260 3214 377 3269 filius
406 3215 496 3257 eius
526 3214 600 3268 qui
619 3213 856 3269 praeeedit,
888 3213 1028 3267 frater
1057 3214 1146 3256 eius
1175 3214 1249 3267 qui
1277 3214 1465 3267 sequitur
1495 3227 1615 3267 quem
1644 3215 1851 3255 memorat
1879 3210 1990 3255 Stat.

258 3284 349 3327 silv.
380 3286 420 3334 5,
450 3286 494 3336 2,
526 3285 590 3327 65.
623 3286 688 3327 75.
718 3285 816 3326 126.

172 3355 255 3399 325
289 3352 540 3408 (VETTIVS)
563 3358 823 3394 CRISPINVS
846 3351 981 3394 Vettii
1004 3351 1158 3394 Bolani
1191 3350 1248 3406 (n.
1269 3354 1371 3407 323)
1402 3350 1539 3393 filius:
1572 3351 1665 3393 eius
1694 3349 1846 3393 laudes
1877 3365 1988 3393 com-
