2242 3672
147 262 399 300 VALERIVS
1017 257 1100 301 367
1500 299 1505 302 ,
1717 260 1969 297 VALERIVS

230 396 425 450 referunt
464 395 523 437 ad
560 410 600 439 a.
637 398 748 438 1958
781 395 846 438 vel
886 398 1006 447 1959,
1050 395 1100 438 ole
1135 396 1281 438 morbo
1321 394 1501 437 duorum
1539 407 1750 437 annorwm
1788 393 1877 435 eius
1917 392 1975 435 aol

238 478 277 508 a.
299 467 418 508 2027
435 464 500 507 vel
520 467 665 517 2028,·
694 467 883 507 attamen
915 479 1028 507 anno
1059 465 1213 507 aetatis
1244 463 1468 506 LXXXII
1497 462 1624 506 habet
1654 462 1974 516 antiquissimus

233 533 308 587 qui
337 536 454 576 extat
483 533 612 576 codex
641 533 895 588 Hieronymi
922 533 1174 577 Oxoniensis
1210 534 1408 589 (testatur
1443 531 1720 587 Haversield),
1753 531 1973 573 LXXVII

232 602 454 644 Leidensis
481 600 778 644 Freherianus
809 603 1042 657 descriptus
1071 617 1123 645 ese
1159 602 1298 645 codiee
1333 615 1521 644 summae
1552 601 1845 655 antiquitatis;
1878 614 1973 642 vere

233 673 372 713 autem
412 670 585 713 decessit
627 684 739 713 anno
780 672 1087 725 septuayesimo
1125 672 1301 726 septimo
1314 705 1324 722 ,
1371 671 1411 713 si
1453 673 1581 713 natus
1626 673 1707 720 est,
1751 672 1799 711 ut
1837 682 1972 723 supra

229 740 479 790 statuimus,
518 754 558 781 a.
589 753 631 782 u.
664 753 697 783 o.
729 742 820 794 690,
858 743 1050 782 mortuus
1080 755 1120 782 a.
1146 755 1192 794 p.
1223 740 1329 783 Chr.
1358 743 1414 782 13
1445 739 1503 795 (u.
1535 753 1568 783 o.
1602 741 1711 795 766).
1746 763 1804 767 -
1843 737 1972 779 ‘Mar-

230 823 352 851 mora
382 807 611 851 Messalae‘
638 808 842 851 Martial.
862 812 929 859 10,
952 812 996 860 2,
1018 812 1057 859 9,
1084 808 1315 851 ‘Messalae
1336 814 1458 851 saxa'
1482 807 1594 850 idem
1613 810 1654 858 8,
1675 810 1714 858 3,
1735 809 1774 857 5,
1806 819 1972 848 mauso-

231 876 340 919 leum
367 880 417 919 ut
444 877 614 920 videtur
643 877 733 919 eius
758 877 1021 932 siqnifieanS.

318 947 444 990 Uxor
475 947 570 988 eius
592 947 811 1001 Terentia,
845 961 957 1003 quae
988 952 1116 989 antea
1147 946 1380 1001 Ciceronis,
1414 945 1571 988 deinde
1604 945 1797 988 Sallustii
1829 944 1971 987 fuerat

230 1029 343 1057 uxor
382 1015 671 1070 Hieronymus
711 1014 804 1057 adv.
846 1015 1143 1066 Iovinianum‚
1186 1015 1297 1070 quod
1324 1016 1396 1058 vix
1426 1015 1542 1057 credi
1560 1017 1715 1069 potest,
1751 1015 1805 1068 of.
1836 1027 1970 1068 supra

228 1084 305 1126 sub
329 1083 541 1135 Terentia,
576 1083 768 1138 aequalis
799 1084 910 1126 enim
940 1087 1034 1126 erat
1058 1084 1271 1126 Messalla
1300 1084 1391 1139 silio
1424 1083 1643 1126 Terentiae
1673 1087 1711 1125 et
1738 1082 1967 1133 Ciceronis,

227 1152 471 1207 videturque
486 1153 730 1208 flymentum
746 1152 1057 1195 scholasticum.
1072 1180 1123 1184 —
1137 1153 1274 1195 Immo
1289 1153 1415 1194 huius
1422 1153 1570 1206 potius
1580 1151 1808 1194 Messallae
1821 1151 1969 1206 (uxor)

230 1221 471 1279 Calpurnia
494 1222 697 1264 terminus
726 1221 795 1264 VI
808 1224 956 1265 29782
977 1222 1049 1278 (ef.
1070 1224 1229 1272 29789,
1251 1222 1326 1275 qui
1343 1222 1546 1263 terminus
1566 1220 1626 1263 acl
1646 1221 1712 1263 M.
1736 1220 1970 1263 Messallae

233 1289 410 1334 Corvini
440 1291 747 1346 possessionem
788 1291 979 1344 aliquam
1011 1291 1234 1345 pertinens
1274 1290 1343 1332 illi
1375 1290 1541 1332 videtur
1580 1290 1712 1343 fuisse
1747 1290 1901 1332 similis
1930 1293 1970 1331 et

225 1374 315 1402 una
345 1374 439 1402 oum
469 1374 516 1403 eo
545 1361 679 1415 fuisse
707 1363 912 1414 repertus,
951 1363 1060 1402 certe
1090 1360 1231 1402 eoolem
1261 1362 1445 1414 tempore
1466 1358 1675 1415 procliit);
1717 1361 1756 1400 et
1784 1359 1967 1412 fortasse

225 1429 306 1471 hae
344 1443 395 1472 ex
432 1443 566 1472 uxore
601 1430 748 1484 yenuit
792 1429 859 1471 M.
890 1429 1115 1471 Aurelium
1145 1428 1314 1471 Cottam
1345 1428 1607 1478 Maoeimum,
1641 1427 1760 1469 ouius
1788 1430 1966 1468 matrem

226 1512 254 1540 a
276 1497 424 1541 Numa
454 1498 681 1542 oriundam
710 1499 844 1552 fuisse
875 1499 940 1540 ait
968 1498 1145 1541 Ovidius
1168 1512 1219 1540 eoo
1238 1496 1290 1539 P.
1311 1500 1350 1548 3,
1372 1500 1416 1548 2,
1438 1499 1532 1547 106,
1571 1495 1801 1550 Calpurnii
1828 1499 1966 1538 autem

225 1581 254 1610 a
295 1567 442 1610 Numa
477 1568 751 1622 putabantur
790 1567 965 1610 oriundi
1000 1566 1187 1623 (Paulus
1226 1566 1344 1608 Fest.
1376 1580 1425 1620 p.
1458 1568 1513 1608 46
1553 1565 1607 1618 ef.
1641 1564 1785 1607 Horat
1815 1578 1877 1618 ep.
1910 1564 1968 1606 acl

224 1635 315 1680 Pis.
350 1639 484 1691 292),·
535 1651 662 1691 quam
722 1640 864 1679 tamen
916 1639 1096 1678 matrem
1132 1638 1312 1690 propter
1355 1634 1475 1678 Ouid.
1512 1648 1562 1676 ex
1598 1633 1649 1676 P.
1689 1637 1738 1684 4,
1780 1636 1854 1684 16,
1895 1636 1963 1683 43,
1996 1656 1998 1658 >

222 1705 451 1749 Aureliam
478 1705 627 1749 Cottae
658 1705 799 1761 filiam
838 1706 972 1760 fuisse
1004 1705 1154 1760 posuit
1183 1703 1446 1758 Borghesius
1487 1717 1582 1757 opp.
1607 1706 1645 1753 1,
1673 1705 1764 1746 413.
1795 1705 1835 1753 5,
1865 1704 1964 1745 529.

324 1775 447 1819 Filii:
499 1774 701 1818 Valerius
753 1774 1014 1816 Messalinus
1066 1774 1165 1816 Tae.
1209 1788 1249 1818 a.
1291 1777 1332 1824 3,
1374 1776 1452 1823 34,
1499 1771 1759 1813 Messalinus
1811 1771 1964 1815 Tibull.

223 1846 267 1895 2,
297 1846 337 1896 5,
369 1847 463 1887 119.
491 1848 592 1895 120,
635 1843 777 1887 Vellei.
809 1847 853 1893 2,
886 1847 981 1898 112,
1023 1843 1184 1886 scilieet
1215 1842 1282 1885 M.
1310 1841 1506 1884 Valerius
1538 1840 1750 1883 Messalla
1782 1839 1965 1882 Messal-

224 1913 337 1956 linus
364 1913 509 1956 consul
539 1928 579 1956 a.
613 1916 703 1964 751,
737 1919 781 1955 et
809 1912 1072 1955 Messalinus
1104 1911 1234 1955 Cotta
1265 1911 1386 1954 Plin.
1417 1910 1457 1953 h.
1488 1924 1530 1953 n.
1557 1913 1622 1961 10,
1652 1912 1711 1952 52
1735 1910 1791 1963 of.
1822 1908 1963 1951 Vellei.

221 1986 265 2034 2,
298 1986 408 2034 112‚·
445 1983 519 2037 qui
556 1983 596 2025 si
633 1996 727 2024 vere
758 1985 818 2024 est
853 1985 902 2024 ut
932 1995 1018 2024 esse
1047 1981 1214 2024 videtur
1245 1980 1311 2024 M.
1343 1979 1549 2022 Aurelius
1583 1978 1709 2021 Cotta
1741 1978 1965 2020 Maximus

222 2052 307 2095 sive
337 2051 618 2094 Messallinus
648 2065 729 2094 eos.
762 2065 802 2094 a.
836 2054 930 2102 773,
963 2065 1055 2093 eum
1085 2051 1175 2093 iam
1204 2050 1346 2092 senior
1372 2048 1566 2103 yenuisse
1595 2047 1773 2089 videtur.
1819 2046 1964 2103 Nepos

223 2128 325 2176 (per
367 2121 526 2176 filiam,
570 2121 622 2175 of.
655 2121 779 2174 infra
807 2134 850 2165 n.
882 2123 979 2175 160)
1023 2119 1232 2174 (Taurus)
1278 2117 1476 2162 Statilius
1523 2116 1742 2159 Corvinus
1789 2115 1960 2158 Sueton.

225 2189 379 2235 Claud.
401 2193 468 2233 13.
517 2190 740 2246 Pronepos
760 2189 963 2232 Valerius
992 2188 1181 2231 Messala
1210 2186 1362 2231 consul
1391 2202 1428 2229 a.
1461 2186 1515 2228 58
1555 2186 1654 2228 Tae.
1678 2199 1718 2228 a.
1739 2187 1804 2238 13,
1825 2187 1890 2227 34.
1909 2210 1961 2215 -

223 2259 368 2303 Huius
393 2262 443 2301 ut
469 2259 636 2301 videtur
657 2259 802 2302 liberti
820 2259 883 2301 M.
906 2258 1112 2302 Valerius
1135 2257 1332 2312 Corvi[ni
1356 2256 1383 2298 l.
1407 2255 1580 2310 L]0rieo
1602 2254 1691 2296 III
1703 2256 1790 2296 577
1807 2267 1855 2307 p.
1880 2255 1962 2295 989

223 2327 486 2385 (Corcyrae),
525 2328 585 2372 M.
617 2327 820 2371 Valerius
857 2327 1040 2371 Corvini
1080 2327 1108 2372 l.
1148 2331 1226 2368 Ion
1268 2326 1337 2368 VI
1359 2326 1524 2375 28045;
1561 2324 1661 2365 item
1700 2322 1826 2364 liuius
1852 2325 1961 2376 puto

223 2398 283 2440 M.
315 2396 518 2441 Valerius
556 2396 788 2439 Messallae
828 2396 856 2439 l.
897 2396 1091 2451 Philarg.
1132 2396 1238 2439 viat.
1280 2408 1434 2449 augur.
1476 2392 1644 2435 Notizie
1674 2393 1787 2433 1887
1806 2405 1854 2444 p.
1875 2393 1961 2433 240

223 2486 278 2502 =
297 2466 415 2510 Bull.
436 2466 654 2509 oomunale
679 2468 796 2508 1887
814 2480 862 2520 p.
886 2468 973 2509 257
1001 2465 1074 2521 (of.
1105 2463 1278 2519 suqora)‚·
1306 2464 1515 2506 incertum
1546 2475 1602 2503 an
1631 2460 1757 2502 huius
1789 2459 1963 2501 libertus

221 2535 281 2579 M.
311 2535 518 2579 Valerius
558 2534 789 2577 Messallae
830 2534 858 2579 l.
902 2533 1112 2591 Spinther
1144 2533 1212 2576 VI
1238 2534 1380 2576 28118
1393 2539 1425 2582 a,
1466 2530 1592 2572 huius
1623 2542 1767 2571 servus
1799 2526 1962 2570 Cladus

222 2603 489 2659 Messalla(e)
528 2603 685 2646 vilicus
727 2619 860 2660 supra
899 2603 1047 2646 hortos
1089 2602 1159 2645 VI
1181 2605 1306 2645 9472.
1367 2599 1488 2653 (Non
1523 2599 1650 2641 huius
1689 2597 1762 2640 secl
1800 2595 1964 2639 Valerii

221 2673 456 2717 Messallae
475 2672 669 2715 Barbati
691 2672 888 2716 videntur
914 2673 1048 2726 fuisse
1075 2670 1313 2714 Messallae
1344 2669 1488 2712 liberti
1515 2668 1703 2721 servique
1732 2665 1887 2721 sepulti
1915 2665 1961 2706 in

221 2745 487 2786 monumento
516 2741 769 2792 Marcellae,
803 2742 857 2796 of.
891 2756 1025 2796 supra
1052 2755 1096 2783 n.
1126 2739 1214 2794 88).
1244 2765 1300 2769 -
1332 2739 1473 2781 Heres
1502 2737 1551 2780 C.
1585 2736 1720 2779 Cestii
1752 2735 1820 2777 VI
1842 2736 1959 2777 1375.

307 2811 468 2855 Orator
504 2818 747 2867 temporum
787 2825 966 2853 suorum
1006 2825 1094 2852 una
1135 2824 1234 2851 eum
1264 2808 1416 2850 Asinio
1456 2805 1652 2848 Pollione
1696 2803 1960 2846 clarissimus

175 2912 179 2916 -
223 2881 364 2925 Vellei.
385 2883 429 2931 2,
450 2882 517 2931 36,
547 2879 764 2922 Columell.
785 2880 821 2922 I
833 2880 980 2934 praef.
1001 2883 1068 2930 30,
1098 2879 1239 2932 Quint.
1263 2881 1329 2928 10,
1347 2880 1385 2927 1,
1403 2878 1495 2919 113.
1517 2878 1587 2925 12,
1607 2877 1672 2924 11,
1695 2875 1766 2922 28,
1798 2872 1895 2914 Tae.
1919 2885 1959 2912 a.

225 2954 290 3002 11,
313 2953 352 3001 6,
385 2948 489 2991 dial.
510 2952 580 3000 12,
602 2952 670 2991 17.
726 2949 873 3004 Agere
904 2949 1047 3004 coepit
1069 2946 1282 2990 Cicerone
1313 2959 1457 2988 arcem
1486 2943 1756 2999 eloquentiae
1787 2946 1960 2982 tenente

222 3019 365 3073 Quint.
387 3021 458 3068 12,
480 3020 547 3068 11,
569 3019 641 3061 28.
686 3016 911 3060 Aufidiam
942 3016 1163 3074 quandam
1194 3015 1389 3058 defendit
1420 3019 1570 3055 contra
1600 3011 1693 3054 Ser.
1719 3008 1959 3064 Sulpicium

223 3088 483 3144 (defunctum
514 3100 554 3130 a.
587 3089 684 3143 711)
720 3087 864 3140 Quint.
895 3090 962 3137 10,
991 3090 1030 3137 1,
1053 3088 1115 3129 22
1146 3085 1218 3141 (of.
1250 3084 1308 3126 ib.
1329 3087 1368 3133 4,
1390 3085 1434 3132 2,
1457 3084 1550 3123 106.
1582 3082 1620 3129 6,
1643 3083 1681 3128 1,
1703 3081 1772 3127 20,
1804 3075 1960 3118 Festus

218 3171 266 3212 p.
288 3155 407 3206 15322)
440 3154 530 3211 (sed
558 3169 743 3198 errorem
771 3156 836 3198 ibi
866 3156 1033 3198 subesse
1063 3157 1103 3197 et
1128 3152 1335 3207 confundi
1364 3166 1391 3193 a
1418 3148 1682 3203 Quintiliano
1707 3145 1960 3189 Messallam

218 3228 392 3280 patrem
422 3237 503 3266 cos.
536 3238 576 3266 a.
599 3227 681 3267 693
711 3227 751 3267 et
779 3224 917 3279 filium
948 3224 1188 3278 suspicatus
1224 3225 1285 3264 est
1316 3220 1553 3263 Mommsen
1583 3216 1673 3271 eph.
1701 3229 1763 3269 ep.
1783 3216 1812 3256 3
1832 3228 1880 3268 p.
1900 3212 1958 3267 3).

222 3293 411 3337 Eosdem
440 3292 637 3335 defendit
671 3308 779 3350 quos
811 3293 1028 3347 (Asinius)
1059 3290 1199 3334 Pollio
1237 3290 1379 3343 Quint.
1413 3291 1480 3337 10,
1503 3289 1541 3336 1,
1564 3289 1634 3329 24.
1697 3282 1959 3339 Eloquentia

223 3363 315 3405 eius
355 3361 636 3418 praedicatur
675 3363 762 3404 iam
803 3377 830 3403 a
861 3361 1072 3404 Cicerone
1112 3374 1175 3413 ep.
1208 3358 1266 3400 ad
1295 3358 1421 3400 Brut.
1454 3359 1491 3405 1,
1525 3356 1590 3404 15,
1623 3356 1670 3404 1,
1713 3351 1959 3395 celebratur
