2242 3672
302 246 548 284 POMPEivs
1181 235 1235 276 68
1860 238 2119 276 POMPEIVS.

390 379 547 424 Strabo
578 377 604 422 l.
637 391 670 419 c.
730 375 848 418 Idem
876 373 1040 415 videtur
1070 386 1155 415 esse
1184 372 1353 426 Macer,
1395 385 1482 427 quo
1518 369 1628 412 duce
1659 369 1846 426 Ovidius
1874 369 1943 424 (ex
1972 371 2114 415 Ponto

386 452 429 499 2,
447 451 513 498 10,
531 450 588 490 21
604 447 702 502 seq.)
725 459 810 485 non
832 442 969 485 solum
990 440 1122 483 Asiae
1141 441 1270 483 urbes
1300 439 1534 496 perspexit,
1564 439 1612 481 id
1639 438 1749 493 quod
1778 439 1837 482 ad
1853 438 1989 483 Asiae
2007 455 2112 495 pro-

389 516 646 559 curationem
671 512 886 567 pcrtinere
914 509 1153 553 verisimile,
1171 512 1242 559 est,
1276 508 1351 550 sed
1383 509 1512 550 etiam
1543 506 1737 550 Siciliam
1766 507 1900 563 vidit,
1929 507 1978 551 id
2003 508 2117 564 quod
2194 518 2227 558 ξε.

386 583 730 639 procurationem
751 566 926 623 Siciliae
946 577 1137 620 indicare
1156 577 1332 627 videtur,
1365 589 1471 630 quas
1493 577 1819 631 procurationes
1844 579 1944 630 post
1971 590 2012 621 a.
2035 580 2116 621 734

384 672 437 686 =
459 654 518 693 20
549 665 587 692 a.
607 648 709 692 C'hr.
741 645 1008 690 collocandas
1039 660 1089 688 ex
1117 645 1261 688 Ovidii
1287 645 1378 687 vita
1407 644 1572 699 colleyit
1602 644 1763 695 Klein,
1806 644 2115 700 Verwaltunys-

389 720 576 762 beamten
596 721 621 760 1
642 732 690 771 p.
712 719 793 758 180
813 729 895 769 seq.
955 713 1103 757 Ovidii
1135 715 1284 756 uxoris
1315 713 1505 768 (tertiae)
1537 719 1744 768 cognatus
1775 713 1907 756 fuisse
1941 713 2116 757 videtur

388 802 439 830 ex
467 787 603 828 Ponto
631 789 675 835 2,
697 788 762 834 10,
785 787 852 826 10.
913 782 1096 838 Scripsit
1127 788 1169 824 et
1196 781 1534 838 Antehomeriea
1563 781 1707 837 (Ovid.
1735 796 1900 825 amores
1917 786 1962 834 2,
1983 786 2050 835 18,
2071 782 2115 839 1)

387 861 429 897 et
458 853 781 896 Posthomerica
811 849 879 904 (ex
905 850 1044 894 Ponto
1063 854 1107 901 2,
1129 853 1197 901 10,
1219 853 1304 907 13),
1336 851 1482 906 itaque
1511 849 1670 892 Iliacus
1700 850 1862 893 dicitur
1889 849 1958 904 (ex
1977 850 2115 894 Ponto
2202 902 2242 917 ⁸

387 927 425 973 4,
447 925 512 972 16,
535 924 591 978 6).
653 919 837 964 Ovidius
877 934 933 961 ex
973 918 1252 962 tetrastichon
1292 918 1430 961 Macri
1470 919 1661 961 carmine
1698 917 1859 962 librum
1897 920 1945 962 in
1980 918 2117 963 malos

385 996 531 1047 poetas
562 989 802 1045 composuit
828 988 969 1042 Quint.
991 991 1029 1039 6,
1050 991 1090 1039 3,
1113 991 1178 1032 96.
1225 987 1441 1030 Iudicium
1471 987 1525 1029 de
1546 1001 1595 1030 eo
1619 986 1878 1041 Quintiliani
1897 991 1965 1040 10,
1985 991 2025 1040 1,
2045 990 2115 1032 87.
2198 982 2242 1055 '‘Q.

386 1059 489 1101 Post
517 1058 713 1099 Macrum
742 1056 962 1111 Vergilius
990 1056 1242 1110 Quintilian.
1265 1059 1335 1106 12,
1357 1059 1422 1107 11,
1444 1059 1508 1099 27
1513 1069 1527 1108 ,·
1556 1059 1622 1106 10,
1644 1059 1683 1107 1,
1704 1058 1760 1099 56
1788 1053 1893 1109 (nisi
1917 1055 1985 1100 his
2015 1056 2117 1100 locis
2217 1087 2225 1114 5<

384 1126 594 1169 Aemilius
633 1126 781 1169 Macer
824 1125 1154 1183 intelleyendus).
1221 1125 1435 1183 Πομπηίου
1481 1124 1648 1182 Μάκρου
1687 1125 1769 1179 (vel
1811 1124 1996 1183 Μάρκου)
2041 1128 2127 1172 aut·
2179 1128 2242 1188 Q

383 1195 507 1237 huius
548 1198 623 1237 aut
656 1195 740 1250 filii
777 1192 834 1247 (n.
866 1194 962 1249 473)
1002 1195 1286 1249 fragmentum
1326 1194 1569 1249 trayoediae
1609 1193 1808 1246 (Medeae
1817 1193 1857 1250 .9)
1896 1197 2036 1237 exstat
2070 1194 2117 1237 in
2224 1191 2242 1210 '⁴

385 1260 562 1306 Stobaei
597 1263 804 1318 florileyio
839 1266 903 1313 78,
938 1266 974 1305 7.
1035 1262 1180 1317 Neque
1211 1263 1360 1317 liquet,
1401 1265 1544 1305 utrum
1582 1262 1650 1305 hic
1690 1277 1747 1305 an
1787 1262 1904 1318 filius
1939 1259 1998 1316 (n.
2018 1264 2116 1321 473)
2208 1302 2242 1319 ,ὦ

385 1347 419 1374 c.
452 1347 489 1376 a.
523 1332 576 1374 19
606 1347 647 1388 p.
680 1331 783 1376 Chr.
816 1332 929 1374 inter
967 1332 1129 1387 primos
1160 1331 1324 1373 Tiberii
1365 1331 1526 1373 amicos
1564 1331 1697 1384 fuerit
1727 1330 1907 1384 (Strabo
1927 1330 1955 1374 l.
1977 1333 2030 1388 e),
2061 1331 2117 1386 cf.
2226 1324 2242 1380 ’,ἓ

383 1400 612 1451 Hillscber,
645 1399 804 1443 Jahrb.
835 1401 868 1454 f.
901 1399 1022 1442 class.
1052 1399 1214 1442 Philet.
1249 1400 1400 1454 Suppl.
1421 1402 1489 1450 18,
1521 1401 1631 1443 1891
1653 1414 1701 1454 p.
1721 1403 1820 1444 427.
2228 1449 2242 1468 2

299 1469 382 1512 473
414 1469 645 1525 Pompeius
674 1468 823 1510 Macer
852 1469 1003 1510 Iunior
1029 1468 1274 1525 (Πομπηίου,
1305 1470 1341 1511 οἱ
1371 1470 1416 1511 δὲ
1444 1467 1611 1525 Μάρκου
1642 1467 1741 1524 [scr.
1772 1467 1992 1526 MoixpooP]
2022 1485 2121 1512 νεω-
2206 1467 2242 1526 ξ

384 1536 693 1594 τέρου-Αφιέὴοῐ.
715 1536 812 1581 Pal.
837 1540 875 1588 9,
897 1540 979 1588 28;
1009 1537 1218 1594 Πομπηίου
1239 1537 1434 1594 νεωτέρου
1455 1535 1631 1581 Anthol.
1653 1536 1751 1580 Pal.
1777 1541 1814 1589 7,
1834 1537 1951 1594 219),
1980 1536 2121 1581 Theo·
2204 1536 2242 1570 “l

383 1605 539 1662 phanis
572 1605 825 1662 Mytilenaei
862 1619 1008 1661 nepos,
1046 1612 1170 1662 pater
1205 1606 1384 1662 Pompei
1425 1605 1565 1647 Macri
1596 1603 1653 1657 (n.
1675 1605 1773 1660 471)
1811 1612 1854 1649 et
1887 1606 2122 1664 Pompeiae
2223 1598 2242 1663 ἶ

384 1674 607 1716 Macrinae
639 1672 696 1726 (n.
727 1676 840 1730 506),
876 1673 1056 1716 illustris
1088 1689 1219 1730 eques
1251 1674 1471 1717 Romanus
1507 1674 1606 1717 Tac.
1639 1688 1738 1717 ann.
1771 1678 1808 1726 6,
1840 1677 1896 1718 18
1935 1673 2122 1728 (nomine
2178 1673 2185 1679 “
2230 1664 2242 1699 4

383 1756 468 1785 non
507 1741 682 1797 addito).
744 1742 890 1784 Huius
927 1742 1122 1785 videntur
1155 1756 1240 1785 esse
1270 1743 1581 1798 epiyrammata
1610 1742 1785 1786 Anthol.
1799 1793 1802 1797 .
1817 1743 1915 1789 Pal.
1946 1747 1984 1796 7,
2010 1746 2099 1788 219
2106 1756 2122 1797 ,·
2164 1781 2167 1785 ,
2212 1736 2242 1774 ’ᾗ

385 1814 424 1861 9,
446 1814 517 1862 28,
550 1812 603 1865 cf.
624 1810 853 1862 Hillscher‚
876 1810 1033 1854 Jahrb.
1050 1812 1082 1865 f.
1105 1811 1227 1854 class.
1245 1811 1487 1866 Philoloyie
1504 1811 1656 1867 Suppl.
1668 1815 1734 1863 18,
1756 1814 1866 1855 1891
1878 1827 1926 1867 p.
1937 1815 2028 1856 427
2032 1826 2120 1868 sqq.

383 1880 483 1935 Ipse
501 1879 582 1922 sibi
603 1885 786 1922 mortem
807 1879 1018 1922 conscivit
1037 1895 1075 1922 a.
1098 1881 1153 1922 33
1174 1896 1214 1936 p.
1238 1879 1341 1922 Chr.
1369 1880 1468 1925 Tae.
1492 1894 1591 1923 ann.
1606 1884 1651 1932 6,
1673 1883 1740 1925 18.
1782 1879 1858 1923 Ad
1876 1895 1970 1924 eum
1980 1883 2124 1937 potest
2198 1890 2199 1893 ’

396 1948 612 2002 pertinere
643 1947 759 1991 Suet.
794 1948 886 1992 Tib.
917 1950 975 1991 57
1002 1949 1056 2002 cf.
1078 1961 1213 2003 supra
1239 1963 1282 1991 n.
1305 1952 1400 1991 440.
1453 1948 1577 1992 Male
1606 1952 1746 1992 autem
1767 1949 1825 1992 ad
1844 1963 1936 1992 eum
1958 1948 2123 1993 rettulit

387 2016 604 2059 Hillscher
632 2016 658 2059 l.
693 2030 727 2059 e.
757 2016 926 2059 titulum
949 2016 1258 2072 Mytilenaeum
1282 2017 1461 2074 Pompei
1491 2018 1676 2060 Macrini
1706 2017 1813 2061 Νέου
1844 2017 2121 2075 Theophanis

391 2083 449 2137 (n.
470 2087 581 2141 475).
1886 2096 1890 2100 ·

302 2154 386 2196 474
415 2160 467 2197 Μ.
499 2159 748 2196 POMPEIVS
783 2159 1040 2196 MACRINVS
1072 2153 1222 2197 consul
1253 2153 1497 2196 ordinarius
1529 2169 1566 2197 a.
1596 2154 1681 2197 164
1710 2169 1810 2197 cum
1839 2155 1889 2198 P.
1919 2155 2120 2198 Iuventio

389 2221 512 2264 Celso
543 2223 661 2276 fasti.
721 2222 866 2276 Nepos
896 2223 1077 2276 fortasse
1103 2222 1167 2265 vel
1195 2222 1313 2278 silius
1341 2222 1430 2265 eius
1459 2223 1533 2276 qui
1560 2223 1760 2276 sequitur.

305 2290 387 2332 475
418 2289 489 2346 [Μ.
507 2289 776 2346 P]OMPEIVS
798 2290 1096 2347 MACR1[NV]S
1114 2297 1245 2333 NEOS
1263 2297 1597 2333 THEOPHANES
1616 2292 1902 2348 quattuorvir‚
1920 2299 2123 2349 quaestor

389 2365 667 2415 propraetore
698 2360 825 2401 Ponti
857 2365 899 2402 et
927 2359 1162 2416 Bithyniae
1193 2357 1354 2414 (itaque
1385 2363 1483 2402 ante
1514 2374 1553 2402 a.
1575 2362 1657 2402 135
1687 2360 1741 2414 cf.
1771 2359 1862 2403 Dio
1886 2363 1953 2412 69,
1974 2364 2041 2413 14,
2061 2361 2120 2418 4),

388 2427 586 2469 tribunus
607 2427 759 2484 plebis,
791 2434 964 2484 praetor
995 2428 1201 2483 urbanus,
1235 2434 1409 2471 curator
1430 2429 1526 2471 viae
1557 2427 1790 2485 [LatiJnae‚
1822 2428 1992 2485 legatus
2023 2427 2119 2483 (aut

389 2495 563 2549 leyionis
594 2499 670 2537 aut
688 2497 939 2549 provinciae
955 2497 1223 2554 praetoriae)
1253 2530 1263 2539 .
1288 2530 1297 2539 .
1322 2530 1332 2540 .
1360 2497 1423 2539 tit.
1449 2497 1735 2552 Mytilenaeus
1766 2511 1836 2552 ap.
1864 2497 2121 2550 Oiehorium,

393 2562 772 2617 Sitzunysberiehte
803 2564 876 2606 der
895 2564 1094 2607 Berliner
1114 2565 1349 2608 Akademie
1374 2568 1484 2608 1889
1507 2579 1555 2620 p.
1576 2568 1670 2616 373,
1702 2566 1776 2620 qui
1802 2566 1913 2609 male
1943 2565 2003 2609 ad
2029 2580 2123 2610 eum
2175 2601 2178 2602 Σ
2218 2579 2220 2584 ’

391 2631 554 2672 rettulit
591 2631 757 2672 titulum
792 2632 838 2673 in
882 2632 1180 2676 Trachonitide
1209 2637 1422 2688 repertum
1448 2633 1561 2676 OIG
1580 2636 1690 2677 4566
1717 2653 1773 2669 =
1800 2633 1902 2677 CIL
1925 2634 2016 2678 III
2035 2636 2122 2679 125

392 2697 669 2754 Theophanis
688 2698 818 2753 legati
838 2713 923 2741 non
951 2699 1153 2744 Galatiae
1175 2700 1239 2754 (id
1256 2702 1368 2756 quod
1385 2702 1617 2745 Liebenam
1635 2702 1792 2759 finxiO,
1819 2702 1894 2745 sed
1910 2701 2119 2755 Arabiae,
2214 2710 2242 2762 {i

395 2766 517 2807 tertio
548 2766 712 2808 saeculo
744 2766 1022 2810 adscribendi.
1082 2769 1228 2812 Filius
1253 2771 1439 2824 fortasse
1468 2771 1556 2813 eius
1584 2771 1660 2825 qui
1692 2771 1892 2825 sequitur,
1928 2784 2032 2815 avus
2058 2771 2124 2815 vel

396 2836 525 2888 pater
546 2834 633 2875 eius
653 2835 726 2887 qui
747 2835 978 2888 praecedit.
1020 2836 1112 2879 Aut
1131 2838 1220 2892 ipse
1249 2842 1324 2881 aut
1351 2839 1469 2894 filius
1499 2839 1587 2882 eius
1616 2839 1802 2882 incertus
1826 2842 1964 2894 potest
1989 2840 2123 2895 fuisse
2218 2827 2232 2852 ⁸

394 2901 466 2943 ille
486 2901 706 2944 Macrinus
737 2904 898 2959 ἡγεμὼν
920 2905 961 2946 ἐν
983 2904 1143 2962 Σμύρνῃ
1173 2907 1201 2948 i.
1225 2922 1257 2949 e.
1281 2907 1516 2962 proconsul
1534 2907 1670 2950 Asiae
1699 2922 1812 2950 anno
1836 2907 1946 2951 LIII
1969 2909 2122 2952 aetatis

395 2968 509 3012 Aelii
548 2968 761 3011 Aristides
803 2971 831 3012 i.
874 2985 907 3013 e.
950 2985 982 3013 c.
1025 2987 1063 3014 a.
1096 2978 1176 3016 170
1214 2975 1428 3018 Aristides
1457 2979 1483 3018 1
1514 2991 1563 3032 p.
1593 2978 1674 3019 415
1716 2974 1916 3030 Dindorf
1942 2976 1990 3019 in
2023 2977 2121 3020 sub-

393 3038 619 3092 scriptione
649 3038 855 3081 orationis
876 3042 930 3082 19
954 3039 1205 3085 Eleusiniae
1235 3044 1281 3086 in
1311 3044 1450 3087 codice
1470 3044 1765 3087 Laurentiano
1788 3043 1878 3086 LX
1899 3047 1940 3095 3,
1971 3043 2022 3088 de
2040 3059 2121 3100 qao
2236 3091 2238 3095 ,

396 3105 485 3148 loeo
524 3107 687 3148 monuit
721 3106 769 3150 0.
799 3106 1070 3159 Rubensohn,
1101 3109 1185 3152 Die
1220 3112 1718 3168 Mysterienheiliytitmer
1756 3113 1802 3154 in
1830 3111 2007 3156 Eleusis
2034 3112 2125 3156 mid
2208 3104 2242 3180 {¹

397 3173 679 3216 Samothrake
708 3177 822 3218 1892
850 3189 899 3228 p.
929 3179 1026 3218 210.
1093 3177 1253 3221 Contra
1292 3180 1356 3224 W.
1389 3180 1586 3232 Schmid,
1627 3180 1780 3223 Rhein.
1818 3180 2016 3224 Museum
2052 3185 2120 3234 48,

396 3243 506 3283 1893
536 3255 583 3295 p.
617 3243 669 3283 78
703 3241 912 3283 Aristidis
953 3247 1130 3287 aetatem
1170 3247 1296 3290 aliter
1326 3252 1572 3303 computans
1600 3263 1686 3303 pro
1721 3248 1915 3291 Macrino
1949 3250 2124 3293 coniecit
2213 3243 2242 3277 ,15

399 3308 465 3360 (P.
487 3308 644 3351 Iulium
666 3309 930 3363 Geminium)
958 3311 1225 3357 Marcianum
1257 3330 1428 3371 eumque
1459 3331 1570 3360 anno
1599 3319 1824 3361 182--183
1854 3318 2062 3362 attribuit.
2238 3312 2242 3325 ⁴

2217 2375 2242 2472 ε-θάὲ
2213 2116 2242 2371 ...Μνηὲωωῑ
2230 2101 2242 2109 a
2239 2088 2242 2095 .
2212 1970 2242 2081 ziam
2231 1946 2242 1958 η
2216 1851 2242 1931 iaz-„uia
2224 1838 2230 1843 *
2232 1802 2242 1830 m
