2242 3672
158 251 338 288 VLPIVS
1028 247 1112 290 463
1800 252 1977 289 VLPIVS

159 382 243 426 570
272 381 429 438 Ulpius
461 380 682 424 Silvianus
714 381 782 437 (de
813 382 958 426 littera
989 384 1019 427 S
1048 399 1156 438 quae
1194 399 1344 428 nomen
1384 384 1580 439 subsequi
1618 383 1850 434 dicebatur,
1887 383 1977 438 ipse

243 450 380 494 editor
409 448 648 504 dubitavit),
680 450 924 506 praefectus
954 454 1170 508 praetorio
1211 455 1249 508 (ὁ
1281 455 1528 510 ἐξοχώτατος
1559 454 1737 510 ὕπαρχος
1771 455 1840 495 τοῦ
1869 454 1976 510 ἱεροῦ

243 517 514 576 πραιτωρί[ου]
557 521 584 560 t.
633 518 911 570 Permessius,
955 535 1023 575 ap.
1063 522 1386 565 Lanclcorortski
1414 521 1565 565 Stadte
1603 520 1905 576 Pamplvyliens
1933 534 1976 563 u.

243 587 458 631 Pisidiens
485 587 547 629 II
558 601 609 641 p.
630 590 716 630 210
744 602 786 630 n.
808 592 903 631 107.
959 588 1164 632 Fortasse
1186 595 1286 645 post
1316 590 1634 634 Diocletianum
1664 589 1826 632 demum
1854 588 1974 634 vixit.

157 669 237 712 571
270 674 450 711 VLPIVS
483 673 646 710 SOTER
676 668 996 725 quindecimvir
1036 671 1168 712 sacris
1207 671 1423 714 faciundis
1454 687 1492 716 a.
1523 672 1606 714 205
1638 674 1720 716 act.
1750 669 1835 712 lud.
1866 682 1975 712 saec.

242 738 298 792 fr.
323 737 386 780 II
403 740 469 780 10.
500 740 571 788 24,
603 737 693 780 ΙΙΙ
711 739 766 781 58
795 739 848 793 cf.
882 738 1005 781 VIII
1011 753 1039 781 a
1067 743 1099 783 2
1128 739 1237 794 (eph.
1260 755 1322 795 ep.
1343 743 1371 782 8
1391 755 1440 795 Ρ.
1462 743 1566 785 282.
1597 742 1696 784 283.
1727 741 1825 783 286.
1857 740 1974 793 290).

243 806 410 849 Eodem
441 820 554 848 anno
586 806 736 849 consul
767 806 1020 862 designatus
1050 809 1106 851 ib.

158 887 243 931 572
273 894 327 930 M.
348 892 526 929 VLPIVS
549 892 934 929 TERTVLLIANVS
955 894 1146 939 AQVILA
1173 887 1412 930 consularis
1443 890 1514 930 vir
1544 890 1582 941 (ὁ
1613 890 1815 945 κράτιστος
1844 888 1974 930 ὑπατι-

243 955 343 1009 κός),
375 962 550 998 curator
570 955 863 999 Attalensium
894 957 939 998 in
968 956 1134 999 Pisidia
1165 960 1192 1001 t.
1214 957 1516 1000 Balburiensis
1542 957 1736 1000 Pisidiae
1765 970 1884 1011 quem
1913 955 1975 999 ed.

242 1025 418 1069 Henzen
447 1039 546 1069 ann.
578 1025 675 1069 inst.
702 1027 816 1069 1852
837 1039 885 1080 Ρ.
909 1027 994 1068 178
1025 1028 1064 1068 et
1094 1040 1145 1068 ex
1173 1025 1250 1068 hoc
1280 1026 1567 1081 Waddinqton
1595 1040 1637 1069 n.
1659 1029 1787 1069 1224.
1834 1024 1979 1067 Potest

245 1107 343 1145 esse,
373 1096 422 1136 ut
451 1094 627 1137 coniecit
655 1094 852 1145 Henzen,
890 1094 1178 1138 Tertullianus
1208 1094 1371 1150 leyatus
1402 1095 1595 1138 Moesiae
1623 1095 1734 1137 inter
1767 1109 1805 1140 a.
1826 1097 1912 1138 241
1939 1096 1979 1136 et

244 1166 330 1207 244
359 1168 510 1219 (supra
543 1163 582 1205 T
604 1165 686 1215 89).

159 1243 243 1286 573
274 1242 431 1300 Ulpius
473 1243 594 1286 Theo
635 1244 762 1300 (inter
801 1243 925 1299 Ulpii
963 1246 1003 1288 et
1034 1243 1219 1286 Theonis
1259 1244 1441 1298 fortasse
1481 1243 1647 1298 aliquid
1675 1242 1839 1298 periit),
1882 1257 1976 1299 pro-

245 1319 422 1355 curator
451 1312 635 1356 fortasse
656 1313 843 1368 Augusti
876 1316 993 1366 (ante
1021 1327 1172 1356 nomen
1203 1313 1447 1368 aynoscitur
1473 1317 1543 1355 τοῦ
1571 1311 1825 1370 Σεβασ[τοῦ])
1858 1313 1977 1367 fray-

244 1384 428 1424 mentwm
459 1381 591 1425 Sidae
621 1383 668 1425 in
698 1382 958 1438 Pamphylia
988 1382 1243 1436 descriptum
1270 1381 1394 1425 0164.
1426 1384 1544 1424 4348.

159 1461 244 1504 574
275 1468 327 1504 Μ.
345 1468 522 1505 VLPIVS
544 1468 811 1505 TRAIANVS.
847 1463 1000 1506 Tituli.-
1019 1462 1234 1518 Ephesius
1249 1462 1350 1505 Ath.
1370 1462 1519 1505 Mitth.
1534 1466 1603 1513 10,
1618 1464 1726 1505 1885
1739 1459 1979 1516 p.401(1)‚·

247 1530 509 1586 Smyrnaeus
526 1534 575 1574 ut
593 1531 758 1574 videtur
781 1531 906 1576 OIG.
927 1535 1038 1575 3146
1058 1531 1147 1587 (2),·
1166 1532 1445 1575 Laodicensis
1470 1532 1526 1574 ib.
1543 1533 1653 1574 3935
1669 1531 1752 1585 (3),·
1771 1531 1817 1572 in
1837 1529 1980 1572 insula

247 1599 413 1654 Myndo
441 1613 543 1654 rep„
576 1600 811 1656 ap.,Paton
842 1601 1019 1644 bulletin
1040 1600 1089 1644 de
1116 1613 1297 1654 corresp.
1329 1599 1477 1642 helle'n.
1499 1603 1569 1650 12,
1602 1601 1714 1641 1888
1734 1613 1783 1653 Ρ.
1805 1600 1890 1641 281
1921 1597 1979 1652 (4)

243 1668 477 1723 similisque
519 1669 567 1712 in
606 1669 751 1712 insula
792 1668 849 1713 Co
890 1669 1145 1724 descriptus,
1195 1668 1270 1712 sed
1306 1669 1382 1722 qui
1428 1667 1592 1710 videtur
1632 1680 1718 1709 esse
1759 1666 1978 1722 Myndius,

247 1751 319 1793 ap.
355 1737 499 1793 Rayet
526 1738 753 1782 Annuaire
791 1738 839 1781 de
871 1738 1174 1782 l'Association
1198 1752 1312 1793 pour
1339 1737 1714 1792 l'encourayement
1741 1735 1812 1778 des
1842 1735 1982 1779 etudes

244 1820 443 1862 yrecques
473 1810 583 1851 1875
606 1822 656 1863 Ρ.
681 1810 766 1851 276
799 1821 841 1850 n.
865 1811 904 1858 4,
940 1808 995 1862 cf.
1025 1807 1168 1850 Paton
1201 1807 1476 1861 inscriptions
1507 1806 1559 1860 of
1594 1804 1676 1848 Cos
1706 1819 1755 1860 p.
1781 1807 1866 1847 126
1897 1804 1981 1860 (5),-

246 1875 487 1930 Africanus
517 1876 640 1920 VIII
660 1879 771 1920 8316
801 1875 876 1934 (6).
942 1876 1141 1919 Nummi:
1185 1875 1476 1918 Antiochenus
1513 1889 1582 1930 ap.
1622 1874 1784 1917 Eclchel
1821 1877 1860 1925 3,
1892 1876 1982 1917 282

245 1965 301 1980 =
320 1946 462 1989 Leake
482 1947 676 1990 numism.
697 1946 793 1989 hell.
815 1946 960 1989 Asiat.
985 1961 1033 2001 p.
1054 1949 1120 1996 16,
1152 1946 1252 1988 item
1273 1959 1341 2000 ap.
1368 1943 1657 1999 Waddinyton
1676 1943 1809 1998 fastes
1829 1957 1870 1986 n.
1888 1946 1980 1994 100,

246 2015 346 2057 item
374 2015 421 2058 in
448 2029 555 2059 mus.
586 2015 756 2068 Berol.,·
794 2017 956 2059 urbani
993 2017 1227 2070 imperante
1262 2014 1354 2070 fiilio
1395 2014 1497 2065 cusi,
1529 2028 1597 2068 ap.
1630 2013 1792 2056 Eokhel
1819 2015 1857 2064 6,
1888 2015 1980 2056 433.

338 2083 444 2127 Tria
462 2086 638 2128 nomina
659 2088 685 2127 t.
708 2089 745 2129 1.
766 2088 806 2130 3.
828 2088 869 2127 4.
890 2087 930 2128 5.
953 2088 991 2135 6,
1024 2084 1199 2130 Οὔλπιος
1220 2083 1413 2141 Τραιανός
1444 2086 1472 2125 t.
1493 2085 1536 2134 2,
1570 2083 1784 2125 Traianus
1805 2082 1977 2132 nummi,

247 2151 429 2207 Ioseph„
462 2152 637 2196 Plinius
662 2168 820 2208 paney.
852 2156 920 2203 89,
964 2152 1106 2195 Victor
1136 2153 1233 2207 epit.
1260 2155 1327 2194 13.

336 2219 518 2277 Origine
538 2222 781 2265 Italicensis
804 2238 859 2264 ex
875 2223 1100 2279 Hispania,
1123 2220 1302 2263 ‘familia
1323 2221 1504 2276 antiqua
1524 2220 1662 2274 magis
1680 2234 1810 2275 quam
1831 2218 1978 2273 clara²,

249 2290 293 2331 in
322 2305 409 2347 qua
448 2292 614 2348 primus
646 2291 798 2334 consul
834 2291 917 2334 fuit
946 2291 1128 2345 Eutrop.
1160 2293 1199 2341 8,
1231 2293 1275 2333 2.
1336 2289 1527 2343 Legatus
1567 2287 1748 2342 legionis
1789 2287 1981 2329 decimae

248 2359 470 2402 Fretensis
501 2360 614 2403 bello
646 2361 825 2404 Iudaico
858 2377 897 2403 a.
929 2361 982 2404 67
1014 2359 1179 2414 Ioseph.
1214 2358 1306 2402 bell.
1336 2361 1375 2408 3,
1408 2361 1446 2408 7,
1473 2360 1526 2399 31
1558 2358 1613 2410 cf.
1645 2360 1685 2406 3,
1709 2360 1748 2407 9,
1769 2359 1821 2407 8,·
1852 2359 1918 2407 10,
1939 2359 1979 2407 3,

249 2429 351 2471 item
382 2444 420 2471 a.
455 2430 509 2472 68
540 2430 598 2475 ib.
629 2434 668 2481 4,
699 2433 739 2481 8,
771 2434 796 2472 1
828 2429 957 2482 (anno
980 2432 1033 2471 70
1065 2428 1265 2483 leyionem
1296 2427 1376 2470 alii
1406 2426 1611 2469 traditam
1640 2426 1772 2480 fuisse
1803 2424 1983 2468 ostendit

248 2497 414 2552 Ioseph.
447 2498 474 2540 l.
502 2512 535 2543 c.
567 2501 604 2550 6,
634 2502 674 2549 4,
704 2501 762 2555 3).
822 2497 986 2542 Consul
1016 2496 1132 2540 Plin.
1157 2510 1312 2550 paney.
1342 2498 1380 2539 9.
1413 2497 1491 2545 58,
1522 2494 1704 2548 Eutrop.
1730 2496 1770 2544 8,
1802 2497 1834 2536 2
1863 2492 1980 2548 (suff.

250 2581 290 2611 a.
323 2569 387 2622 68,
417 2570 466 2610 ut
496 2571 628 2623 putat
668 2568 827 2612 Stobbe
855 2568 1070 2623 probante
1109 2566 1308 2609 Henzeno
1340 2564 1430 2619 eph.
1468 2579 1528 2619 ep.
1561 2567 1588 2606 1
1620 2578 1669 2618 p.
1699 2565 1785 2605 188
1823 2565 1908 2605 not.
1935 2566 1979 2613 2,

251 2649 364 2678 anno
395 2639 447 2678 70
475 2636 540 2679 vel
571 2640 637 2688 71,
667 2640 716 2679 ut
738 2640 868 2691 putat
898 2635 1186 2690 Waddinyton
1225 2634 1358 2687 fastes
1391 2647 1430 2675 n.
1464 2631 1576 2687 100).
1635 2631 1849 2673 Patricius
1889 2631 1980 2686 (ad-

251 2703 388 2747 lectus
409 2706 501 2747 sine
523 2705 654 2748 dubio
676 2721 702 2748 a
724 2705 1011 2762 Vespasiano)
1033 2703 1149 2746 Plin.
1163 2716 1320 2757 paneg),
1343 2705 1382 2746 9.
1427 2701 1617 2755 Legatus
1640 2714 1718 2756 pro
1739 2714 1804 2756 pr.
1828 2699 1982 2763 Syriae

251 2789 288 2817 a.
309 2774 379 2816 76!
384 2774 407 2817 7
431 2774 561 2830 (anno
571 2778 655 2818 125
678 2790 805 2818 aerae
823 2789 970 2829 nempe
988 2773 1295 2827 Caesarianae)
1308 2783 1503 2813 nummus
1512 2769 1812 2812 Antiochenus.
1844 2767 1980 2811 Orna-

251 2843 407 2885 mentis
427 2843 762 2901 triumphalibus
780 2850 956 2886 ornatus
974 2839 1300 2898 (‘triumphalis)
1314 2839 1428 2881 Plin.
1437 2852 1593 2893 pancy.
1611 2841 1650 2880 9.
1666 2840 1732 2879 16.
1748 2839 1813 2886 58,
1837 2836 1890 2878 ob
1914 2851 1981 2877 res

254 2917 303 2954 ut
330 2911 508 2954 videtur
539 2919 690 2955 contra
712 2912 897 2955 Parthos
922 2911 1031 2953 bene
1061 2916 1204 2964 gestas
1236 2907 1323 2962 (vel
1343 2914 1521 2963 propter
1541 2905 1726 2948 Parthos
1749 2905 1980 2959 cohibitos)

251 2980 309 3022 ib.
332 2983 396 3030 14,
427 2982 580 3024 merito
603 2981 681 3023 filii
703 2988 808 3024 tunc
834 2980 998 3023 tribuni
1020 2980 1076 3022 ib.
1098 2982 1163 3020 14.
1186 2980 1252 3027 89,
1285 2975 1536 3018 adulatorie.
1588 2973 1827 3016 Proconsul
1850 2973 1981 3015 Asiae

254 3051 283 3091 t.
312 3052 349 3091 1.
381 3052 425 3092 2.
455 3052 495 3100 3,
537 3064 575 3094 a.
608 3050 661 3092 79
693 3050 857 3104 (79s‘80)
891 3052 918 3091 t.
949 3051 988 3092 3.
1052 3047 1168 3089 Tunc
1205 3045 1405 3099 temporis
1441 3046 1489 3085 ut
1517 3043 1681 3085 videtur
1711 3044 1982 3096 (quamquam

250 3117 584 3171 proconsulatus
603 3133 688 3161 non
713 3119 987 3172 memoratur)
1019 3130 1096 3172 pro
1128 3113 1266 3156 salute
1297 3113 1388 3154 eius
1419 3118 1462 3154 et
1492 3112 1641 3153 uxoris
1673 3118 1716 3153 et
1745 3110 1980 3153 liberorum

255 3201 282 3228 a
312 3186 493 3229 Graecis
525 3187 791 3243 quibusdam
820 3186 1006 3229 dedicati
1039 3183 1156 3226 tituli
1181 3186 1220 3225 4.
1251 3185 1288 3225 5.
1353 3181 1550 3223 Mortuus
1580 3187 1682 3221 ante
1711 3194 1873 3221 annum
1900 3180 1982 3222 100

255 3254 404 3308 (immo
445 3261 545 3298 ante
584 3255 861 3312 adoptionem
903 3253 1098 3305 Traiani)
1139 3250 1254 3295 Plin.
1287 3264 1446 3305 paney.
1471 3251 1539 3292 89.
1615 3248 1735 3292 Uxor
1774 3255 1817 3291 et
1854 3247 1981 3291 liberi

253 3330 548 3367 memorantur
579 3327 606 3369 t.
627 3328 666 3369 4.
688 3326 728 3368 5.
778 3324 908 3368 Pater
939 3321 1209 3380 imperatoris
1231 3319 1407 3363 Traiani
1427 3317 1600 3369 nummi,
1635 3320 1663 3359 t.
1685 3320 1723 3369 6,
1755 3317 1858 3359 item
1888 3317 1981 3359 sine
