2242 3672
271 255 496 295 SVILLIVS
1132 246 1215 288 280
1849 253 2074 290 SVILLIVS

351 399 460 428 unus
501 399 551 427 ex
590 384 692 438 filiis
733 382 782 425 P.
823 381 973 425 Suillii
1011 381 1118 436 Rufi
1158 382 1298 435 (infra
1330 395 1373 424 n.
1406 381 1528 436 700),
1570 381 1723 435 quibus
1762 382 2073 437 impudicitiam

355 455 442 496 eius
468 453 632 507 yeneris
663 451 866 493 obiectam
895 463 980 491 esse
1010 452 1189 491 testatur
1215 450 1312 492 Tac.
1345 464 1384 492 a.
1411 453 1477 500 11,
1499 453 1542 500 2,
1575 453 1614 492 et
1640 463 1864 505 coynomen
1893 453 2074 496 traxisse

354 536 382 563 a
422 521 610 563 Milonia
653 518 861 561 Caesonia
899 531 1043 560 sorore
1081 519 1252 560 uterina
1285 519 1453 574 patris,
1504 518 1569 561 vel
1607 521 1715 561 certe
1752 520 1805 562 ab
1846 520 1987 564 eodem
2023 537 2076 566 ex

351 589 585 630 maioribus
630 602 656 629 a
699 601 779 640 quo
826 586 1017 628 Milonia
1057 585 1291 629 Caesoniae
1335 601 1557 642 coynomen
1600 586 1773 640 habuit,·
1821 591 1861 631 et
1893 590 2101 644 fortasse'

350 671 434 698 non
471 656 586 697 vitiis
627 658 790 697 tantum
820 657 1039 709 protectus
1069 658 1130 697 est
1159 669 1272 698 anno
1299 658 1369 706 48,
1404 655 1480 698 sed
1507 655 1635 698 etiam
1662 657 1811 710 9ratia
1839 671 1924 712 qua
1944 662 2075 714 pater

351 724 498 777 floruit
528 723 644 778 apud
679 722 922 766 Claudium.
1805 777 1810 782 Ι

265 792 347 833 699
378 799 429 836 M.
473 798 697 834 SVILLIVS
738 797 1072 834 NERVLLINVS.
1145 792 1202 834 Iu
1239 791 1459 835 consulatu
1497 792 1558 835 M.
1597 792 1776 836 Suillius
1819 794 2074 840 Nerullinus

351 859 601 914 (Nerulinus
631 860 679 902 X
706 863 823 910 6637,
855 859 1126 902 Neruillinus
1146 874 1258 914 pars
1289 860 1592 915 descriptorum
1611 861 1719 905 XII
1729 863 1864 918 2234)
1894 863 1944 906 X
1965 867 2074 908 6637

350 929 422 982 (Σ
452 928 519 970 VI
533 929 673 982 8639).
703 930 822 970 6638.
855 928 963 970 ΧΙΙ
979 931 1107 979 2234,
1138 929 1197 971 Μ.
1221 927 1399 972 Suillius
1426 929 1524 972 Tac.
1547 943 1587 972 a.
1609 934 1680 981 12,
1701 933 1770 982 25,
1802 930 1936 974 Silius
1965 933 2076 987 fasti

349 996 468 1040 Vind.
502 1011 569 1050 ap.
598 996 795 1038 Momms.
823 996 968 1039 chron.
992 997 1093 1039 min.
1112 997 1146 1039 I
1158 1012 1207 1052 p.
1225 1000 1328 1048 282,
1358 997 1638 1040 Nervilianus
1669 998 1888 1055 chronoyr.
1919 1015 1959 1045 a.
1975 1003 2071 1054 354,

347 1064 544 1118 Prosper,
589 1065 882 1107 Nervinianus
928 1065 1037 1118 fasti
1079 1065 1239 1120 Hydat.
1288 1091 1339 1096 —
1387 1065 1639 1109 Nerullinus
1680 1067 1779 1110 Tac.
1821 1082 1862 1112 a.
1901 1072 1967 1121 13,
2001 1073 2069 1122 43,

346 1133 399 1175 Μ.
431 1134 634 1180 Σουίλλιος
664 1132 903 1189 Νεροόλινος
931 1147 1125 1176 nummus
1155 1133 1498 1189 Smyrnaeorum.

432 1202 479 1243 P.
511 1200 652 1244 Suillii
684 1201 781 1243 Rufi
813 1201 919 1256 (eius
948 1202 1023 1255 qui
1050 1201 1253 1256 sequitur)
1283 1202 1396 1244 filius
1432 1203 1531 1249 Tac,
1562 1217 1602 1246 a.
1633 1206 1698 1254 13,
1726 1207 1792 1247 43.
1853 1204 2075 1250 Nerullini

346 1284 567 1324 coynomen
588 1271 628 1312 ei
646 1284 673 1312 a
686 1273 815 1324 patre
835 1270 1077 1324 impositum
1098 1283 1184 1313 esse
1203 1271 1249 1312 in
1278 1270 1477 1313 honorem
1498 1271 1685 1314 Neronis
1711 1271 1961 1317 Germanici
1987 1274 2091 1331 filii*

346 1339 522 1380 coniecit
552 1338 797 1393 Nipperdey
828 1338 886 1380 ad
921 1339 1019 1381 Tac.
1043 1353 1082 1381 a.
1104 1342 1174 1390 12,
1196 1341 1266 1382 25.
1312 1338 1475 1382 Consul
1505 1339 1597 1382 ord.
1629 1355 1666 1383 a.
1695 1341 1751 1384 50
1781 1355 1880 1385 cum
1909 1341 1957 1386 O.
1982 1343 2072 1387 An-

346 1407 460 1449 tistio
482 1407 640 1450 Vetere
665 1408 779 1460 fasti.
826 1406 879 1451 A.
901 1422 944 1464 p.
967 1405 1071 1451 Chr.
1092 1408 1147 1451 58
1179 1422 1277 1450 eum
1308 1414 1432 1464 pater
1455 1410 1548 1451 eius
1570 1408 1799 1452 damnatus
1821 1417 1947 1466 esset,
1979 1411 2072 1469 ipse

345 1490 519 1532 quoque
550 1476 889 1532 repetundarum
920 1476 1163 1532 postulatus
1194 1483 1281 1532 est3
1313 1477 1388 1520 sed
1419 1478 1662 1520 intercessit
1689 1478 1805 1521 Nero
1834 1485 2072 1537 ‘tamquam

346 1545 447 1585 satis
470 1544 642 1600 expleta
664 1544 841 1586 ultione²
871 1545 970 1589 Tac.
994 1559 1034 1587 a.
1057 1548 1119 1596 13,
1141 1548 1207 1590 43.
1267 1546 1508 1589 Proconsul
1536 1545 1670 1589 Asiae
1699 1547 1782 1590 sub
1801 1548 2070 1605 Vespasiano

341 1612 603 1666 (prohibitus
623 1613 783 1655 seilicet
804 1627 831 1655 a
854 1613 1023 1656 Nerone
1043 1614 1194 1656 sortiri
1207 1615 1495 1669 provinciam)
1516 1629 1710 1658 nummus
1729 1615 2069 1672 Smyrnaeorum,

344 1694 482 1734 quem,
518 1680 673 1723 editum
704 1695 731 1722 a
768 1681 958 1724 Vaillant
987 1696 1100 1724 num.
1137 1682 1277 1736 famil.
1307 1682 1430 1725 Rom.
1461 1687 1494 1727 2
1514 1698 1564 1738 p.
1591 1687 1674 1727 440
1713 1687 1752 1727 et
1787 1685 1835 1727 in
1874 1684 2071 1729 thesauro

346 1748 541 1791 Morellii
567 1753 593 1791 1
615 1764 662 1804 p.
684 1753 765 1792 401
797 1749 912 1804 (inde
941 1750 1103 1793 Eclthel
1126 1754 1169 1801 2,
1195 1754 1299 1803 556;
1336 1751 1535 1795 Mionnet
1563 1752 1699 1808 suppl.
1727 1753 1903 1804 71535,
1929 1754 2070 1808 1661),

337 1820 490 1870 postea
518 1831 637 1859 nemo
667 1818 784 1869 vidit,
816 1818 891 1861 sed
914 1833 1045 1872 quem.
1063 1820 1355 1874 incorruptum
1375 1823 1508 1875 putat
1535 1820 1825 1877 Waddinyton
1843 1821 1978 1876 fastes
1999 1821 2072 1865 des

343 1899 465 1938 prov.
496 1887 620 1928 asiat.
651 1901 694 1929 n.
717 1890 770 1929 95
801 1887 987 1942 (dubitat
1017 1891 1156 1930 tamen
1186 1888 1391 1943 Piclcius).
1417 1914 1475 1919 —
1505 1889 1579 1944 (In
1607 1904 1776 1933 nummo
1804 1890 2069 1934 Antiocheno

343 1953 611 2008 Vespasiani,
653 1969 770 2009 quem
813 1955 945 1997 edidit
983 1956 1145 1998 Eckhel
1183 1956 1277 2011 syll.
1318 1957 1353 1999 I
1387 1971 1541 2001 numm.
1583 1961 1661 2001 vet.
1701 1958 1844 2002 anecd.
1886 1958 2070 2003 thesaur.

344 2021 514 2067 Caesar.
548 2038 595 2077 p.
630 2026 702 2078 78,
746 2024 843 2066 inde
879 2024 1077 2067 Mionnet
1115 2025 1252 2080 suppl.
1295 2025 1418 2069 VIII
1439 2030 1534 2078 133,
1565 2029 1646 2078 52,
1686 2027 1938 2082 inscriptum
1974 2028 2069 2072 Σου.

343 2089 375 2130 N
381 2089 588 2146 EPOTA„
603 2093 746 2146 possis
766 2093 955 2135 conicere
980 2094 1222 2148 siqnificari
1239 2093 1438 2137 Suillium
1461 2095 1757 2147 Nerullinum;
1785 2095 1860 2138 sed
1877 2096 2071 2139 videntur

343 2157 506 2201 litterae
535 2159 635 2201 illae
667 2160 757 2202 alia
785 2161 953 2203 ratione
982 2161 1257 2215 explicandae
1287 2176 1385 2214 esse,
1417 2164 1473 2217 cf.
1502 2163 1664 2206 Eclchel
1694 2163 1720 2208 l.
1751 2164 1806 2218 c.)

258 2225 339 2267 700
368 2232 409 2271 P.
444 2234 667 2270 svlLLIVS
699 2234 873 2271 RVFVS.
925 2229 1098 2276 Πόπλιος
1127 2230 1397 2286 [Σ]ουίλ[λι]ος
1426 2231 1634 2286 (traditur
1670 2230 1926 2287 ΟΥΙΛΜΟΣ)
1960 2231 2066 2277 Ῥ..

343 2297 370 2336 t.
401 2295 572 2338 Samius
602 2311 670 2350 ap.
703 2297 1015 2340 Stamatiadem
1045 2299 1230 2355 Σαμιακά
1266 2300 1344 2344 vol.
1376 2300 1411 2343 I
1434 2300 1604 2356 (Athen.
1634 2302 1765 2356 1862)
1802 2315 1900 2356 app.
1929 2315 1973 2345 n.
1998 2304 2066 2353 36,

342 2361 514 2409 Πόπλιος
536 2363 726 2421 Ἰούλιο[ς]
751 2364 924 2424 Ῥοῦφος
950 2367 1139 2410 traditur
1157 2368 1204 2410 in
1224 2368 1311 2411 alio
1331 2372 1359 2411 t.
1381 2368 1539 2421 SamiO,
1569 2370 1627 2412 ib.
1647 2384 1689 2414 n.
1711 2372 1764 2412 66
1773 2382 1787 2422 ,⁶
1815 2369 1866 2412 Ρ.
1888 2369 2068 2414 Suillius

343 2430 442 2473 Tac.
467 2446 505 2475 a.
528 2436 567 2483 4,
589 2436 653 2478 31.
684 2438 749 2485 13,
770 2439 841 2486 42,
875 2435 1056 2478 Suillius
1087 2436 1206 2479 Ovid.
1229 2452 1280 2479 ex
1300 2437 1351 2480 P.
1371 2441 1409 2492 4,
1431 2441 1471 2489 8,
1493 2441 1532 2480 1.
1551 2440 1609 2481 89
1638 2439 1737 2481 item
1763 2438 1863 2482 Tac.
1884 2439 2065 2494 passim,

344 2498 521 2542 Suillius
552 2502 690 2544 Rufus
719 2503 841 2546 Plin.
863 2504 903 2547 h.
925 2519 965 2547 n.
986 2507 1024 2555 7,
1045 2507 1113 2548 39.

427 2568 563 2610 Natus
585 2570 767 2625 Vistilia,
801 2578 938 2615 matre
966 2572 1224 2616 Corbulonis
1255 2580 1298 2616 et
1327 2573 1566 2618 Caesoniae
1594 2574 1679 2619 Gai
1707 2576 1915 2634 principis
1944 2575 2065 2622 Ptin.

343 2634 381 2676 h.
404 2649 445 2676 n.
468 2639 506 2685 7,
528 2639 594 2679 39.
647 2639 840 2682 Uxorem
872 2641 998 2684 duxit
1027 2643 1276 2697 privignam
1306 2642 1454 2686 Ovidii
1483 2643 1602 2686 Ovid.
1634 2658 1686 2687 ex
1712 2644 1764 2687 P.
1785 2649 1825 2696 4,
1846 2647 1887 2696 8,
1910 2647 1964 2688 11
1981 2658 2066 2699 seq.

345 2703 556 2755 Quaestor
578 2707 824 2750 Germanici
847 2710 1045 2752 Caesaris
1072 2711 1170 2754 Tac.
1193 2726 1233 2771 a.
1253 2716 1293 2763 4,
1314 2715 1380 2756 31.
1402 2715 1467 2763 13,
1488 2716 1548 2756 42
1570 2711 1643 2766 (cf.
1662 2712 1859 2757 Momms.
1878 2712 2065 2757 Staatsr.

344 2771 405 2812 II
407 2772 424 2795 3
447 2787 494 2826 p.
516 2776 598 2815 568
625 2779 708 2819 not.
732 2776 787 2829 3).
848 2778 960 2820 Eum
991 2786 1116 2834 rogat
1146 2779 1330 2823 Ovidius
1358 2780 1483 2836 exul,
1525 2787 1574 2824 ut
1610 2780 1726 2838 apud
1757 2781 2065 2825 Germanicum

343 2854 420 2895 pro
452 2855 497 2881 se
528 2842 765 2886 intercedat
794 2845 912 2890 Ouid.
946 2861 995 2889 ex
1026 2848 1076 2892 P.
1107 2852 1145 2899 4,
1177 2851 1218 2900 8,
1243 2852 1302 2892 23
1321 2862 1402 2904 seq.
1435 2851 1491 2892 85
1509 2863 1599 2904 seq.
1639 2848 1691 2892 A.
1723 2851 1778 2892 24
1811 2850 2064 2905 ‘convictus,

344 2911 573 2963 pecuniam
604 2911 659 2953 ob
691 2927 781 2954 rem
812 2915 1087 2958 iudicandam
1118 2918 1313 2974 cepisse‘‚
1342 2932 1441 2960 cum
1463 2917 1590 2960 Italia
1609 2917 1854 2974 pelleretur,
1882 2923 2066 2974 urgente
2121 2970 2130 2980 .
2217 2928 2227 2940 ⁴

344 2976 518 3019 Tiberio
551 2979 594 3019 in
626 2980 809 3022 insulam
841 2991 1066 3026 amovetur
1092 2985 1190 3028 Tac.
1213 3001 1252 3028 a.
1274 2990 1312 3037 4,
1334 2990 1401 3029 31.
1452 2987 1608 3028 Postea
1630 2986 1724 3040 (sub
1754 2985 1868 3029 Gaio
1886 2985 2063 3039 scilicet)

346 3059 399 3085 ex
432 3044 560 3087 exilio
591 3049 833 3101 regreditur
864 3051 918 3094 ib.
972 3047 1134 3095 Consul
1165 3054 1282 3098 Ptin.
1315 3054 1355 3099 h.
1386 3068 1427 3098 n.
1452 3058 1490 3105 7,
1512 3057 1568 3097 39
1599 3053 1818 3109 (suffectus
1846 3054 1923 3097 sub
1951 3053 2066 3098 Gaio

344 3116 417 3153 aut
453 3115 610 3166 primis
652 3116 775 3157 annis
816 3117 1035 3174 Claudii„
1080 3122 1264 3174 fortasse
1307 3122 1375 3164 hic
1420 3123 1468 3167 P.
1511 3122 1690 3166 Suillius
1731 3121 1872 3165 Rufus
1915 3120 2067 3165 consul

352 3180 418 3222 VI
426 3186 597 3242 24729,
642 3183 819 3226 Suillius
861 3187 999 3229 Rufus
1031 3189 1224 3241 (Velleus
1256 3190 1394 3233 Rufus
1423 3190 1545 3246 Dty.)
1582 3190 1732 3233 consul
1763 3205 1861 3233 eum
1892 3189 2065 3233 Ostorio

346 3248 533 3305 Scapula
563 3251 655 3303 (sul)
685 3251 883 3304 Claudio,
917 3260 1012 3297 aute
1039 3272 1077 3299 (ι.
1098 3259 1170 3312 47)
1202 3259 1431 3304 Iustinian.
1453 3260 1549 3302 inst.
1575 3263 1615 3310 3,
1637 3261 1677 3310 8,
1698 3262 1738 3310 3,
1769 3258 1870 3314 th.
1890 3261 1958 3309 38,
1977 3261 2017 3309 4,
2038 3261 2065 3300 1

345 3316 415 3369 (Cs-
446 3330 577 3370 supra
608 3320 683 3359 Sul)
717 3320 766 3363 P.
798 3322 963 3363 Ostorio
991 3324 1211 3379 Serwula).
1257 3327 1348 3370 Sub
1381 3327 1576 3382 Claudio,
1610 3328 1731 3370 cuius
1761 3327 1950 3369 amicitia
1973 3325 2066 3368 ‘diu
