2242 3672
218 243 525 280 SALVIDIENA
1075 229 1158 271 164
1814 231 2021 267 SALVIVS

217 296 1842 314 Η

244 375 299 417 92
331 373 580 417 Salvidiena
596 370 744 423 Ruf(a)
761 369 814 421 Q.
832 367 881 410 f.:
900 366 958 409 ad
971 365 1206 420 sepulcrum
1221 364 1416 418 familiae
1431 364 1520 406 eius
1531 363 1778 418 pertinebat
1796 362 1864 406 VI
1872 365 2024 405 25810.

304 442 475 485 Videtur
505 441 636 494 fuisse
665 437 826 491 femina
852 434 1021 484 nobilis,
1054 447 1104 475 esc
1132 433 1264 486 stirpe
1291 433 1339 486 Q.
1368 431 1606 476 Salvidieni
1633 432 1740 487 Rufi
1770 430 1842 485 (cf.
1872 432 1948 474 sub
1979 446 2025 474 eo

305 511 376 565 qui
399 506 644 564 praecediffi.

248 580 301 621 93
331 585 382 619 M.
415 575 724 628 SALLV(V)IVS
756 577 929 628 praetor
959 571 1114 612 aerarii
1144 584 1242 612 cum
1272 569 1324 612 L.
1354 569 1589 625 Calpurnio
1619 569 1779 611 Pisone
1814 568 1882 612 VI
1901 572 2024 612 1265.

304 646 486 688 Praetor
523 643 687 684 videtur
727 641 858 694 fuisse
898 639 1155 694 temporibus
1184 637 1383 692 Auyusti,
1416 640 1518 692 post
1547 652 1586 682 a.
1620 640 1709 688 731,
1750 651 1830 692 quo
1860 637 2027 679 institu-

304 718 390 756 tum
418 716 465 755 ut
486 714 709 766 praetores
740 709 910 750 aerario
931 710 1180 762 praeessent
1210 706 1315 762 (Dio
1343 709 1409 756 53,
1440 705 1528 760 32).

247 783 302 825 94
334 786 539 824 SALVIVS
580 778 747 833 legatus
774 777 1037 833 Aquitaniae
1068 775 1148 818 sub
1179 775 1405 817 Hadriano
1441 774 1544 829 Diy.
1573 777 1640 825 48,
1672 777 1711 825 3,
1743 778 1815 818 12.
1874 774 2027 818 Fuisse

302 850 495 894 Salvium
520 847 740 890 Iulianum
771 844 909 899 (infra
937 859 978 887 n.
1001 846 1101 901 102)
1134 844 1309 886 coniecit
1324 843 1598 898 ⁴Boryhesius
1629 858 1722 898 opp.
1747 846 1774 885 7
1791 858 1838 898 p.
1860 845 1952 886 530.

242 920 296 962 95
328 923 545 969 SALVIVS,
568 916 769 970 Pergami
787 914 975 969 degebat
989 912 1251 955 valetudinis
1271 903 1491 954 curandae
1512 925 1642 954 causa
1662 911 1811 953 eodem
1833 921 2025 967 tempore

302 1001 385 1043 quo
422 984 635 1027 Aristides
672 985 884 1040 (ἐτύγχανε
916 982 1192 1040 προσεδρεύων
1232 989 1289 1040 τῷ
1321 983 1407 1040 θεῷ
1436 979 1522 1024 κατ’
1563 982 1712 1024 ἐκεῖνον
1743 982 1810 1023 τὸν
1841 980 2028 1037 χρόνον);

302 1054 450 1097 consul
481 1054 519 1108 (ὃ
542 1057 607 1096 νῦν
631 1053 792 1107 ὕπατος)
819 1066 903 1108 quo
929 1058 1123 1107 tempore
1144 1050 1358 1092 Aristides
1389 1048 1610 1091 scribebat
1640 1049 1854 1091 orationes
1885 1063 2029 1090 sacras

299 1122 513 1165 Aristides
552 1124 668 1179 ἱερῶν
701 1121 818 1178 λόγος
849 1119 882 1178 β’
925 1120 1002 1175 (or.
1033 1118 1209 1169 XXIV,
1252 1122 1280 1160 t.
1314 1122 1339 1160 1
1369 1133 1416 1173 p.
1445 1121 1530 1160 467
1557 1116 1722 1166 Dina).
1791 1116 2028 1171 Boryhesio

302 1193 412 1247 (opp.
435 1194 463 1232 7
472 1205 520 1244 p.
538 1189 632 1245 530)
655 1189 841 1232 creditur
862 1189 1034 1232 Salvius
1055 1188 1254 1230 Iulianus
1275 1187 1418 1229 consul
1445 1201 1483 1229 a.
1506 1188 1602 1236 148,
1623 1186 1777 1228 rectius
1797 1184 2029 1240 Waddiny-

301 1260 414 1302 tonio
445 1260 563 1302 mem.
588 1258 636 1300 de
667 1257 819 1300 l’acad.
852 1257 922 1299 des
951 1257 1077 1300 inscr.
1098 1259 1168 1307 26,
1192 1258 1373 1306 1,,1867
1391 1270 1441 1309 p.
1463 1257 1547 1298 251
1573 1254 1645 1309 (cf.
1675 1257 1761 1296 not.
1784 1257 1811 1296 3
1843 1254 1901 1296 ad
1918 1253 2028 1297 Bor-

298 1328 435 1383 yhesii
461 1342 555 1382 opp.
589 1326 614 1368 l.
647 1328 698 1382 c.)
731 1325 903 1369 Salvius
932 1325 1132 1367 Iulianus
1161 1323 1307 1367 consul
1337 1338 1376 1365 a.
1402 1325 1494 1367 175.

245 1398 300 1439 96
333 1396 531 1439 Salvius:
564 1394 602 1437 ei
633 1395 855 1450 rescripsit
886 1393 1013 1436 divus
1036 1394 1141 1435 Pius
1164 1392 1252 1436 cod.
1274 1392 1383 1435 Iust.
1405 1395 1443 1442 6,
1464 1394 1530 1442 54,
1553 1394 1591 1433 1.
1642 1390 1783 1432 Plane
1813 1391 2029 1446 incertum,

303 1479 405 1507 num
434 1465 472 1506 is
501 1464 575 1518 qui
595 1462 828 1518 praecedit.

246 1534 301 1577 97
334 1534 383 1575 P.
409 1532 581 1576 Salvius
602 1530 734 1588 Aper,
767 1531 1054 1587 praetorianis
1076 1531 1348 1586 praepositus
1379 1544 1417 1571 a.
1441 1529 1523 1571 752
1555 1543 1642 1570 una
1663 1542 1762 1569 cum
1783 1527 1835 1580 Q.
1858 1526 2030 1569 Ostorio

305 1601 493 1658 Scapula
522 1600 610 1643 Dio
639 1602 801 1651 55,,10.

247 1672 301 1713 98
334 1669 506 1714 Salvius
536 1669 694 1723 Aristo,
729 1667 962 1722 (Salvium)
994 1667 1213 1710 Iulianum
1245 1665 1462 1708 consuluit
1491 1665 1594 1720 Diy.
1623 1668 1689 1715 37,
1720 1667 1760 1716 5,
1790 1668 1828 1706 6.
1891 1664 2034 1707 Salvii

301 1753 451 1782 nomen
481 1737 697 1780 delendum
721 1750 806 1779 esse
833 1737 889 1792 (et
912 1737 1152 1791 siqnificari
1179 1735 1337 1778 Titium
1353 1734 1627 1790 Aristonem),
1643 1737 1773 1788 putat
1794 1733 2033 1777 Mommsen

304 1806 509 1850 Zeitschr.
541 1807 573 1860 f.
605 1805 895 1860 Rechtsyesch.
918 1808 956 1855 9,
988 1808 1098 1847 1870
1121 1819 1168 1859 p.
1191 1807 1245 1846 87
1273 1806 1356 1847 not.
1379 1805 1445 1844 13.
1790 1801 1792 1805 '

246 1877 301 1918 99
334 1881 541 1918 SALVIVS
575 1880 733 1916 CARVS
766 1873 998 1929 proconsul
1030 1873 1186 1916 Cretae
1217 1872 1297 1914 sub
1328 1870 1554 1913 Hadriano
1576 1871 1678 1925 Diy.
1700 1873 1766 1921 48,
1790 1874 1855 1921 16,
1879 1875 1945 1914 14.

222 1945 302 1988 100
332 1951 376 1987 L.
410 1949 616 1986 SALVIVS
649 1949 807 1984 CARVS
845 1942 1010 1996 (Karus
1044 1942 1173 1996 lapis)
1205 1955 1316 1983 anno
1350 1940 1432 1982 170
1464 1939 1591 1981 desiit
1621 1953 1713 1981 esse
1743 1938 1876 1981 salius
1908 1939 2031 1983 Pala-

305 2013 436 2066 tinus,
467 2011 625 2054 flamen
657 2011 798 2053 factus
830 2010 899 2053 VI
921 2013 1043 2053 1978.

224 2082 302 2123 101
336 2087 376 2123 C.
409 2085 615 2122 SALVIVS
646 2085 888 2121 DOMITIVS
922 2084 1140 2120 RVFINVS
1172 2078 1274 2131 (Gai
1311 2090 1568 2130 praenomen
1599 2089 1764 2130 persor.
1795 2076 1842 2118 in
1873 2076 2032 2131 lapide)

305 2148 567 2191 clarissimus
609 2162 716 2204 puer
747 2151 774 2191 t.
803 2162 892 2202 rep.
914 2161 1052 2201 prope
1080 2146 1247 2196 urbem,
1291 2144 1481 2200 Comptes
1510 2144 1666 2187 renatus
1697 2144 1746 2187 de
1778 2143 1930 2188 l'acad.
1962 2144 2034 2187 des

305 2218 433 2260 inser.
466 2219 576 2260 1888
597 2231 644 2271 p.
668 2219 762 2258 171.

224 2287 304 2327 102
338 2291 544 2327 SALVIVS
582 2291 819 2326 IVLIANVS
862 2283 1054 2337 (Salvius
1092 2282 1286 2325 Iulianus
1317 2283 1500 2325 Marcus
1530 2285 1568 2324 et
1597 2281 1728 2324 Verus
1766 2282 1894 2336 impp.
1930 2281 2033 2337 Diy.

305 2357 371 2404 37,
394 2357 458 2404 14,
481 2356 546 2404 17,
570 2353 829 2407 Pomponius
847 2352 950 2407 Diy.
967 2355 1006 2402 1,
1027 2355 1070 2402 2,
1092 2356 1135 2402 2,
1156 2354 1222 2402 53,
1245 2352 1426 2407 Eutrop.
1443 2354 1484 2402 8,
1502 2353 1567 2401 17,
1591 2350 1680 2393 cod.
1701 2351 1806 2394 Iust.
1826 2354 1863 2400 1,
1881 2353 1948 2401 17,
1968 2353 2034 2392 10.

306 2425 345 2472 3,
376 2425 441 2472 33,
475 2424 539 2464 15.
580 2426 618 2472 4,
652 2424 690 2472 5,
722 2425 789 2471 10,
821 2424 860 2472 1,
893 2420 1142 2475 plerumque
1183 2420 1402 2474 Iulianus3
1444 2419 1605 2462 Didius
1637 2418 1809 2462 Salvius
1839 2417 2035 2461 Iulianus

314 2489 454 2532 Victor
482 2489 602 2533 Caes.
628 2493 694 2540 19,
726 2489 800 2532 sed
829 2488 1087 2543 confundens
1115 2489 1224 2531 iuris
1255 2488 1488 2531 consultum
1517 2502 1610 2530 cum
1638 2486 1921 2542 imperatore).

396 2557 735 2600 Iurisconsultus
764 2558 834 2616 vit.
866 2557 970 2601 Did.
1002 2557 1087 2599 Iul.
1118 2561 1157 2608 1,
1184 2561 1222 2608 1,
1257 2564 1465 2599 ‘summus
1496 2562 1646 2598 auctor
1676 2556 1783 2598 iuris
1814 2556 2033 2598 scientiae‘

311 2626 400 2669 cod.
422 2627 529 2670 Iust.
550 2630 589 2677 3,
610 2630 679 2676 33,
702 2629 766 2677 15,
789 2626 984 2668 similiter
1006 2626 1094 2668 cod.
1116 2626 1223 2668 Iust.
1246 2630 1283 2677 6,
1307 2629 1371 2676 61,
1393 2628 1431 2676 5,
1456 2625 1553 2668 ‘sub
1575 2625 1675 2667 divo
1697 2624 1920 2666 Hadriano
1942 2639 2036 2680 per-

310 2701 488 2750 petuum
513 2694 754 2749 composuit
783 2694 986 2736 edictum³
1010 2694 1193 2749 Eutrop.
1214 2697 1254 2745 8,
1276 2698 1331 2736 17
1360 2693 1475 2750 (inde
1494 2693 1777 2747 Hieronymus
1807 2692 1949 2736 chron.
1981 2693 2040 2736 ad

315 2777 354 2804 a.
376 2761 484 2804 Abr.
506 2765 647 2818 2147),
674 2763 855 2818 ‘primus
881 2762 1079 2817 edictum,
1113 2763 1231 2819 quod
1251 2764 1371 2805 varie
1393 2762 1699 2818 inconditeque
1720 2776 1746 2803 a
1764 2760 2036 2817 praetoribus

312 2830 603 2887 promebatur,
637 2831 681 2871 in
712 2830 904 2872 ordinem
936 2833 1192 2887 composuit’
1231 2831 1372 2874 Victor
1403 2830 1522 2874 Caes.
1555 2833 1620 2880 19,
1656 2829 1876 2885 ‘praetorii
1908 2829 2037 2871 edicti

313 2898 548 2940 ordinator‘
574 2898 662 2940 cod.
685 2899 791 2940 Iust.
811 2902 850 2948 4,
871 2902 909 2949 5,
932 2903 997 2949 10,
1021 2903 1058 2950 1,
1094 2899 1239 2941 ‘edicti
1270 2900 1468 2956 perpetui
1498 2898 1802 2941 subtilissimus
1824 2897 2034 2939 conditor‘

313 2966 542 3009 Iustinian.
575 2969 703 3010 const.
742 2966 880 3008 Tanta
908 2970 985 3018 18;
1014 2968 1264 3010 Hadrianus
1297 2983 1396 3010 cum
1427 2974 1673 3023 praetorum
1716 2980 1881 3007 annuas
1920 2965 2036 3020 leges

313 3037 358 3077 in
399 3049 533 3090 parvo
575 3033 717 3076 libello
760 3042 1057 3090 componeret,
1101 3051 1203 3078 usus
1247 3028 1321 3078 est·
1351 3037 1395 3077 in
1433 3051 1483 3078 ea
1521 3051 1567 3077 re
1601 3049 1731 3090 opera
1759 3033 1918 3076 Iuliani
1952 3035 2037 3075 viri

318 3102 482 3157 egregii
513 3103 597 3156 (τὸν
620 3105 822 3159 κράτιστον
847 3102 1061 3147 Ἰουλιανὸν
1092 3106 1190 3160 πρὸς
1218 3109 1331 3147 τοῦτο
1363 3104 1626 3161 παραλαβών)
1658 3102 1888 3145 Iustinian.
1910 3105 2038 3146 const.

318 3171 482 3213 Δέδωκε
512 3173 578 3213 18.
612 3197 663 3201 ——
695 3170 946 3226 Discipulus
976 3172 1168 3214 Iavoleni
1201 3172 1271 3224 (0.
1297 3173 1463 3217 Octavii
1487 3172 1603 3215 Tidii
1627 3171 1823 3214 Tossiani
1841 3171 1892 3214 L,
1914 3170 2039 3212 Iavo-

319 3239 404 3281 leni
432 3238 576 3280 Prisci
614 3238 688 3293 ley.
728 3238 986 3281 Germaniae
1026 3254 1064 3283 a.
1096 3244 1167 3296 90)
1203 3242 1292 3295 ipse
1321 3240 1422 3296 Diy.
1451 3244 1518 3291 40,
1551 3243 1593 3290 2,
1626 3242 1664 3290 5,
1697 3239 1752 3292 cf.
1782 3238 2040 3292 Pomponius

317 3306 419 3361 Diy.
451 3310 488 3358 1,
520 3309 563 3358 2,
595 3310 637 3357 2,
669 3310 734 3350 53.
792 3307 964 3363 Scripta
1001 3309 1091 3350 eius
1133 3309 1326 3351 adhibita
1359 3310 1403 3351 in
1445 3309 1637 3364 Digestis
1676 3307 1904 3349 Iustiniani
1934 3305 2035 3361 Diy.
