2242 3672
188 208 398 246 SENTIVS
1061 204 1143 249 199
1798 211 2008 248 SENTIVS

198 367 257 373 —-
298 348 342 394 Q.
373 347 587 384 GELLIVS
621 347 830 384 SENTIVS
861 348 1169 388 AVGVRINVS.

185 412 264 455 291
300 417 410 454 SEX.
458 416 666 453 SENTIVS
714 417 1063 457 CAECILIANVS.
1130 411 1295 455 Titulus
1333 411 1630 455 Amiterninus
1670 412 1753 455 IX
1787 416 1898 456 4194
1937 416 2013 470 (1).

273 480 544 523 Memoratur
582 480 628 522 in
669 480 874 523 milliario
910 480 1125 535 Africano
1157 481 1281 524 VIII
1299 484 1436 526 10165
1466 481 1528 538 (2)
1560 485 1600 525 et
1628 482 1675 524 in
1704 481 1882 524 termino
1912 482 2014 525 item

270 549 499 605 Africano,
532 539 723 604 Comptes
752 549 907 592 rendus
938 550 986 592 de
1016 549 1184 595 l’Acad.
1218 550 1289 594 des
1317 551 1577 595 inscr.1894
1597 565 1647 606 p.
1668 554 1723 594 46
1754 549 1825 607 (3).
1878 551 2013 607 [S]ex.

272 618 448 661 Sentius
478 617 644 674 (deinde
672 618 817 661 hiatus
847 618 1049 671 traditur,
1080 620 1152 662 viae
1188 623 1314 677 recte)
1348 620 1622 664 Caecilianus
1655 623 1683 665 t.
1705 623 1748 664 2.
1806 619 2013 675 Se[nt]ius

270 686 575 742 Caecil[ia]nus
602 689 629 728 t.
651 689 691 737 3,
722 720 732 729 .
751 720 761 730 .
780 720 789 729 .
809 721 818 730 .
837 688 954 730 ntius
984 688 1259 731 Caecilianus
1285 692 1314 732 t.
1336 692 1375 732 1.
1428 689 1529 733 Sex.
1562 688 1590 732 f.
1623 692 1651 732 t.
1677 693 1702 732 1
1733 689 2015 745 (praenomen

267 756 345 798 hoc
366 756 512 811 patris
534 755 709 810 probat,
741 756 787 798 in
818 759 847 799 t.
878 759 904 798 1
933 770 1019 799 non
1049 756 1186 799 alium
1215 757 1431 813 intelleyr).

354 825 589 867 Decemvir
634 823 824 867 stlitibus
874 824 1141 880 iudicandis,
1194 826 1395 868 tribunus
1440 826 1626 869 militum
1669 825 1854 882 legionis
1899 827 2013 870 VIII

269 893 505 949 Augustae,
541 893 761 950 [quaestor
789 908 868 950 pro
899 893 1051 950 pr]aet.
1086 892 1166 947 (vel
1195 894 1421 952 [quaestor
1451 910 1574 952 prov.
1605 895 1759 951 B]aet.‚
1792 898 2014 951 utrumque

267 962 596 1018 supplementum
616 963 846 1017 proposuit
867 962 1137 1018 Mommsen),
1166 964 1318 1006 aedilis
1346 964 1485 1021 plebis
1515 968 1544 1007 t.
1565 968 1604 1007 1.
1654 965 1837 1007 Praetor
1864 968 1891 1009 t.
1914 969 1952 1008 1.
1974 968 2012 1010 3.

270 1031 392 1087 [Leg.
424 1032 506 1089 p]1·.
540 1047 603 1088 pr.
635 1045 758 1088 prOV.
797 1064 806 1073 .
825 1064 834 1074 .
855 1065 864 1074 .
883 1064 893 1074 .
926 1034 954 1074 t.
986 1035 1023 1073 1.
1098 1031 1217 1087 [Cur.
1248 1032 1379 1088 a]lvei
1411 1033 1583 1075 Tiberis
1616 1039 1658 1075 et
1688 1034 1884 1090 riparum
1916 1037 1944 1077 t.
1977 1037 2013 1077 1.

268 1100 389 1156 L[eg.
431 1100 530 1156 l]eg.
560 1100 648 1143 XV
685 1099 953 1157 Apollinaris
995 1104 1022 1143 t.
1054 1104 1092 1143 1.
1158 1101 1351 1156 Legatus
1392 1102 1582 1157 Augusti
1625 1101 1926 1157 (Vespasiani,
1968 1106 2017 1145 ut

268 1184 319 1212 ex
357 1169 544 1225 vestiyiis
583 1169 766 1212 nominis
804 1170 852 1212 in
891 1169 1035 1224 lapide
1073 1170 1236 1213 relictis
1275 1171 1452 1213 coniecit
1481 1171 1734 1226 Hirschfeld
1771 1175 1852 1215 act.
1890 1172 2013 1215 acad.

271 1237 416 1281 Berol.
448 1240 559 1281 1889
591 1253 638 1293 p.
669 1242 752 1281 431
790 1242 878 1282 not.
902 1241 976 1295 92)
1016 1254 1094 1295 pro
1132 1254 1198 1296 pr.
1242 1239 1466 1295 (caeercitus
1503 1239 1712 1294 Africani
1748 1244 1796 1283 ut
1833 1240 2015 1296 videtur)

271 1310 301 1351 t.
321 1311 374 1359 2;
417 1340 426 1349 .
446 1340 456 1350 .
475 1342 484 1352 .
504 1340 513 1350 .
534 1341 543 1350 .
562 1321 604 1362 g.
647 1308 847 1362 (sortasse
879 1307 975 1363 [leg.
1007 1307 1123 1364 Aug.
1155 1307 1238 1363 leg.
1270 1307 1340 1351 III
1368 1308 1518 1364 Au]g.)
1551 1312 1578 1353 t.
1610 1313 1636 1351 1
1667 1309 2014 1365 (supplementum

262 1377 490 1431 proposuit
518 1375 686 1431 Caynat
718 1376 887 1419 l'arme'e
916 1376 1144 1431 d’Afriquc
1166 1392 1214 1432 p.
1246 1380 1362 1433 287).
1423 1378 1617 1432 Legatus
1657 1379 1900 1434 praetorius
1934 1378 2014 1434 (vel

268 1446 451 1500 fortasse
482 1446 526 1487 in
558 1445 652 1502 ipsa
682 1452 887 1502 praetura
915 1445 1098 1502 legatus,
1130 1446 1205 1489 sed
1222 1446 1332 1489 illud
1343 1447 1492 1501 potius
1511 1447 1784 1502 significatur
1794 1448 2016 1502 praetoris

268 1514 472 1558 vocabulo
502 1514 666 1557 adiecto
697 1515 743 1557 in
774 1518 802 1559 t.
826 1518 870 1571 3)
903 1516 1004 1572 imp.
1036 1515 1296 1572 Vespasiani
1328 1516 1373 1557 in
1406 1515 1567 1571 Africa,
1601 1531 1689 1558 una
1719 1531 1816 1559 cum
1849 1515 2012 1559 Rutilio

269 1582 438 1628 Gallico
478 1582 621 1638 legato
663 1583 877 1626 consulari
921 1583 1030 1626 fines
1071 1585 1323 1641 provinciae
1364 1584 1541 1627 Africae
1584 1586 1744 1627 veteris
1791 1591 1833 1627 et
1872 1600 2012 1627 novae

269 1652 430 1708 derigit
460 1655 488 1695 t.
520 1655 547 1696 3
577 1652 736 1708 (potest
765 1652 843 1696 hoc
872 1667 1044 1696 munere
1075 1654 1247 1708 functus
1279 1667 1364 1696 esse
1393 1656 1442 1696 ut
1471 1653 1634 1709 leqatus
1665 1654 1872 1697 exercitus
1891 1653 2017 1708 Afri-

268 1722 396 1779 cani).
456 1722 650 1777 Legatus
690 1737 770 1779 pro
812 1737 876 1779 pr.
920 1723 1147 1779 utriusque
1187 1723 1488 1766 Mauretaniae
1521 1727 1548 1766 t.
1580 1727 1606 1766 1
1637 1724 1860 1779 (nescimus
1889 1736 2017 1778 quam

269 1790 318 1834 ob
350 1804 523 1833 causam
555 1790 861 1834 Mauretaniae
883 1792 1243 1846 procuratoribus
1273 1792 1512 1847 ademptae,
1537 1807 1620 1847 per
1651 1792 1827 1847 aliquod
1855 1795 2017 1847 tempus

269 1860 406 1916 leyato
445 1860 632 1904 traditae
671 1860 786 1916 sint).
848 1860 1013 1904 Consul
1054 1865 1082 1904 t.
1116 1865 1153 1905 1.
1220 1861 1374 1906 Uoeoris
1413 1876 1563 1905 nomen
1601 1863 1708 1917 fuit,
1755 1862 1830 1905 sed
1862 1861 2011 1916 periit,

267 1929 314 1972 in
344 1932 371 1972 t.
405 1933 441 1972 1.

182 1998 265 2042 292
297 1998 475 2042 Sentius
506 1999 700 2042 Potitus:
742 2001 999 2056 rescriptum
1031 1999 1233 2042 divorum
1274 1999 1459 2042 fratrum
1490 1999 1546 2041 ad
1577 2014 1675 2042 eum
1706 1998 1873 2042 Paulus
1904 1998 2014 2042 libro

268 2067 483 2122 sinyulari
512 2067 561 2110 de
594 2068 736 2123 officio
757 2069 981 2123 praetoris
1012 2068 1220 2120 tutelaris,
1253 2069 1311 2123 fr.
1338 2069 1431 2111 Vat.
1453 2071 1551 2112 245.

181 2135 264 2179 293
296 2142 337 2178 C.
368 2142 577 2179 SENTIVS
612 2143 927 2180 SATVRNINVS
967 2153 1052 2181 cos.
1085 2154 1123 2181 a.
1157 2139 1253 2181 735.
1315 2138 1424 2179 Tria
1463 2138 1638 2180 nomina
1678 2137 1872 2180 exhibent
1912 2137 2013 2180 Vell.

247 2208 310 2264 ss,
334 2208 404 2256 92,
446 2206 556 2259 fasti
591 2205 830 2260 Capitolini
856 2207 903 2249 in
932 2207 1089 2249 notitia
1125 2206 1175 2249 de
1205 2205 1318 2248 ludis
1346 2206 1642 2249 saecularibus
1672 2205 1810 2261 (CIL.
1833 2206 1868 2248 I
1890 2206 1952 2249 ed.
1983 2209 2015 2250 2

265 2288 313 2329 p.
335 2273 425 2328 29),
457 2275 565 2328 fasti
594 2273 809 2317 Colote'ani
835 2275 913 2318 sub
946 2290 985 2319 a.
1011 2278 1090 2318 735
1121 2276 1194 2330 (ib.
1214 2290 1261 2329 p.
1284 2274 1379 2329 64)‚·
1410 2276 1527 2321 Γάιος
1557 2275 1717 2321 Σέντιος
1743 2273 1833 2317 Dio
1857 2277 1922 2326 54,
1945 2278 2012 2318 10.

268 2345 335 2394 55,
356 2345 428 2394 28,
461 2341 510 2386 C.
534 2342 710 2386 Sentius
740 2343 804 2386 vel
832 2344 1003 2387 Sentius
1036 2347 1116 2388 act.
1150 2343 1234 2387 lud.
1266 2357 1390 2395 saec„
1425 2344 1600 2387 Sentius
1623 2343 1886 2387 Saturninus
1912 2343 2012 2386 Vell.

266 2414 310 2463 2,
335 2415 399 2456 77.
422 2414 526 2462 105;
556 2413 799 2467 cognomine
829 2416 995 2455 tantum
1024 2416 1202 2455 utuntur
1231 2412 1435 2467 Iosephus
1466 2415 1506 2455 et
1534 2413 1776 2467 Afflianus.

355 2480 403 2524 G.
436 2480 465 2523 f.
496 2481 606 2535 fasti
631 2481 751 2536 Cap„
783 2481 872 2524 Dio
904 2482 991 2526 ind.
1027 2482 1054 2524 l.
1085 2484 1152 2532 54,
1186 2481 1233 2526 C.
1266 2497 1307 2526 n.
1336 2482 1446 2535 fasti
1471 2480 1577 2536 Cap.
1639 2480 1720 2523 Vix
1751 2480 1955 2524 oriundus
1987 2495 2014 2523 a

267 2550 319 2594 L.
362 2549 508 2598 Sentio
551 2548 595 2592 C.
636 2551 669 2604 f.
714 2551 936 2593 triumviro
975 2550 1179 2593 monetali
1218 2550 1474 2604 temporibus
1513 2549 1728 2605 Sullanis,
1776 2549 2015 2592 Mommsen

267 2624 371 2661 ro'm.
395 2619 584 2661 Muuzw.
607 2634 655 2673 p.
677 2623 756 2662 579
784 2634 826 2662 n.
849 2623 948 2670 297,
981 2619 1055 2662 sed
1085 2634 1135 2662 ea:
1156 2619 1300 2661 cadem
1326 2619 1510 2672 fortasse
1532 2618 1652 2661 domo
1683 2617 1826 2674 (quam
1848 2618 2014 2660 domum

267 2686 407 2730 Atina
438 2688 665 2730 oriundam
695 2689 826 2742 fuisse
857 2689 1010 2731 statuit
1029 2688 1291 2743 Boryhesius
1318 2702 1411 2742 opp.
1437 2691 1481 2738 2,
1503 2690 1590 2731 276
1621 2687 1787 2730 collatis
1814 2686 2014 2730 Cicerone

269 2770 355 2811 pro
380 2755 533 2798 Plane.
558 2759 597 2807 8,
622 2760 676 2800 19
696 2760 735 2799 et
763 2757 1040 2811 inscriptione
1070 2757 1242 2799 urbana
1272 2756 1341 2798 VI
1351 2755 1514 2811 2722),·
1534 2756 1668 2811 plane
1690 2757 1893 2799 incertum
1912 2770 2014 2798 num

266 2824 499 2880 parentela
529 2826 775 2867 coniunctus
806 2839 898 2868 cum
920 2825 1072 2868 Sentia
1102 2828 1238 2867 matre
1269 2824 1522 2868 Scriboniae
1554 2825 1763 2868 Caesaris.
1811 2825 1882 2867 Ad
1910 2825 2012 2868 Sex.

267 2895 524 2951 Pompeium
564 2894 761 2948 confugit
801 2893 1001 2949 (tempore
1042 2897 1091 2936 ut
1133 2894 1299 2936 videtur
1334 2895 1684 2951 proscriptionis)
1732 2893 1832 2938 Vell.
1865 2897 1908 2944 2,
1942 2897 2010 2936 77.

269 2963 321 3008 A.
357 2963 441 3006 714
480 2964 601 3005 iussu
631 2963 830 3019 Pompeii
860 2962 1015 3005 Iuliam
1056 2970 1239 3005 matrem
1268 2962 1328 3006 M.
1361 2962 1540 3004 Antonii
1572 2962 1628 3004 ad
1668 2962 1806 3004 filium
1837 2962 2014 3004 deducit

268 3030 460 3086 Appian.
496 3031 533 3074 b.
568 3045 600 3075 c.
630 3034 670 3082 5,
702 3034 775 3075 52.
834 3032 948 3074 Pace
978 3032 1136 3074 Miseni
1172 3032 1286 3074 facta
1316 3032 1377 3073 rei
1407 3030 1608 3087 publicae
1638 3032 1880 3073 restituitur
1911 3030 2012 3074 Vell.

271 3102 316 3150 2,
342 3101 406 3141 77.
459 3097 622 3141 Consul
655 3098 745 3142 ord.
777 3114 814 3143 a.
844 3099 937 3154 735,
971 3100 1159 3156 primum
1192 3099 1307 3141 solus
1334 3098 1436 3141 Vell.
1457 3102 1501 3150 2,
1523 3103 1595 3150 92,
1627 3115 1725 3141 cum
1755 3099 1864 3142 alter
1894 3099 2014 3142 locus

270 3167 471 3222 Augusto
502 3167 687 3214 ‚absenti
733 3174 981 3210 servaretur
1023 3167 1113 3211 Dio
1147 3171 1223 3219 54,
1254 3171 1320 3218 10,
1368 3167 1525 3210 deinde
1570 3183 1667 3210 cum
1713 3168 1767 3222 Q.
1809 3169 2012 3211 Lucretio

200 3235 204 3238 ’
270 3235 524 3292 Vespillone
554 3234 643 3278 Dio
675 3235 701 3280 l,
734 3249 794 3289 c.,·
823 3236 943 3290 fasti.
993 3237 1046 3279 In
1075 3236 1301 3279 consulatu
1335 3236 1528 3280 ‘cuilibet
1559 3245 1752 3280 veterum
1785 3237 2013 3279 consulum

274 3304 437 3360 gloriae
459 3304 794 3361 comparandus'
830 3305 931 3348 Vell.
953 3309 997 3356 2,
1019 3309 1078 3349 92
1108 3306 1163 3360 cs.
1188 3307 1281 3348 105.
1324 3305 1656 3359 Quindecimvir
1686 3307 1819 3348 sacris
1851 3306 2013 3348 faciun-
