2242 3672
151 239 405 277 VVLGAOIA
1017 235 1102 278 475
1675 238 1968 277 VOLOGASES

236 369 412 414 videtur
440 377 620 426 patruus
641 369 757 413 Tulli
780 371 854 428 qui
886 372 1119 428 praecedit,
1149 372 1299 415 consul
1322 371 1518 427 Propert.
1541 375 1579 424 1,
1602 375 1639 426 6,
1662 373 1728 415 19.
1759 396 1802 402 --
1827 369 1971 413 Huius

234 442 283 482 ut
311 439 477 482 videtur
508 439 684 482 libertus
714 440 764 482 L.
799 440 1031 483 Volcacius
1061 441 1178 484 Tulli
1208 440 1236 484 l.
1268 441 1440 498 Hospes
1471 440 1540 484 VI
1564 444 1682 485 6671.

164 531 219 537 -
265 512 485 549 GEMINIA
515 513 779 549 VVLGAGIA.

151 577 237 620 626
268 609 278 619 .
297 609 306 619 .
326 609 336 619 .
354 610 363 619 .
380 581 567 618 RIANVS
597 575 896 630 VO[LCINIVS]
938 611 947 620 .
965 611 974 620 .
993 611 1002 620 .
1022 612 1031 621 .
1050 583 1233 620 ANICVS
1265 577 1512 634 praefectus
1534 577 1722 620 cohortis
1743 579 1765 621 I
1787 577 1971 635 Sygam-

234 644 438 700 brorum3
460 650 664 702 quaestor
683 645 935 700 provinciae
956 644 1102 696 Asiae,
1124 645 1288 702 aedilis,
1311 652 1486 703 praetor
1510 650 1538 689 t.
1559 647 1753 689 urbanus
1773 646 1843 689 VI
1849 649 1969 691 1543.

158 738 160 742 >
235 715 366 757 Pater
395 712 624 757 Volciniae
655 713 843 756 Sabinae
873 713 930 756 ib.

150 782 233 826 627
265 782 538 838 [V]OLCINIA
570 787 752 824 SABINA
781 781 872 824 filia
902 782 995 824 eius
1027 783 1100 839 qui
1131 783 1351 840 praecedit
1381 783 1450 826 VI
1471 785 1589 827 1543.

163 875 219 882 ·--
264 858 309 896 L.
340 857 592 894 VALERIVS
622 857 891 892 MESSALLA
923 857 1163 894 VOLESVS.

163 944 223 950 —
265 920 325 964 M.
359 918 599 974 Aur(elius)
630 918 757 962 Volo.

149 989 234 1032 628
264 987 528 1043 Vologaeses
569 986 866 1045 (Βουλογαίσης
907 987 1107 1043 codices),
1152 988 1304 1031 Thrax
1343 990 1523 1043 Bessus,
1568 989 1767 1032 sacerdos
1808 989 1968 1045 Liberi,

235 1073 274 1100 a.
315 1058 398 1101 743
438 1056 671 1114 populares
712 1056 767 1099 ad
809 1056 1089 1100 rebellionem
1135 1059 1354 1109 incitavit,
1402 1058 1773 1114 Rhascuporidem
1824 1074 1971 1115 regem

236 1127 475 1180 interfecit,
518 1125 855 1168 Rhoemetalcen
886 1125 1076 1181 fugavit,
1120 1142 1259 1184 usque
1299 1128 1344 1169 in
1375 1125 1694 1169 Chersonesum
1724 1129 1973 1184 penetravit

236 1195 326 1238 Dio
355 1198 421 1247 54,
453 1199 520 1238 34.

152 1265 236 1308 629
267 1263 508 1320 Vologases
540 1263 818 1321 (Οὐολογάσης
848 1263 1014 1318 Ioseph.
1042 1267 1130 1306 ant.
1154 1267 1226 1315 20,
1257 1267 1297 1315 4,
1328 1267 1372 1315 2,
1415 1264 1638 1322 ]ὐλογοίσης
1668 1265 1722 1306 ib.
1753 1268 1827 1316 20,
1857 1269 1896 1317 3,
1927 1268 1972 1321 4)

237 1333 301 1376 vel
339 1332 606 1389 Vologaeses
647 1331 725 1385 (sie
771 1333 870 1375 Tae.
913 1347 952 1375 a.
984 1336 1049 1384 15,
1083 1337 1121 1384 7,
1159 1332 1396 1388 Vologeses
1433 1334 1531 1375 Tae.
1565 1348 1605 1375 a.
1635 1337 1714 1384 12,
1746 1338 1813 1377 14.
1843 1338 1897 1377 44
1933 1339 1974 1378 et

233 1403 484 1457 plerumque
522 1403 570 1445 in
611 1416 735 1452 ann.,
780 1400 1014 1459 Βολογέσης
1053 1402 1220 1456 Ioseph.
1259 1401 1352 1444 bell.
1385 1401 1562 1455 codices)
1600 1401 1665 1444 vel
1705 1402 1972 1458 Vologaesus

237 1472 314 1528 (sie
355 1471 456 1516 Ταῦ.
497 1470 539 1514 h.
570 1475 617 1522 1,
659 1474 727 1522 40,
775 1470 1033 1528 3ὒολόγαισος
1071 1470 1160 1513 Dio
1199 1470 1332 1525 Xiph.
1366 1470 1638 1525 plerumque,
1684 1470 1975 1530 Οὐολόγαισσος

237 1541 294 1586 id.
327 1544 392 1592 66,
422 1543 489 1596 11,
523 1539 765 1596 Vologesus
786 1539 903 1584 Ptin.
935 1540 975 1582 h.
1006 1554 1047 1582 n.
1077 1543 1116 1591 6,
1148 1543 1251 1590 122,
1290 1540 1387 1582 Ταῦ.
1420 1554 1460 1581 a.
1493 1542 1557 1590 13,
1591 1543 1628 1581 7.
1656 1542 1722 1590 13,
1752 1544 1810 1583 37
1836 1542 1972 1593 semel,

235 1609 276 1652 h.
306 1613 347 1661 4,
377 1612 453 1661 51,
494 1609 610 1653 Suet.
639 1610 744 1652 Ner.
775 1613 829 1652 57
860 1609 985 1652 Dom.
1017 1613 1061 1660 2,
1103 1608 1332 1666 Βολόγεσος
1370 1608 1434 1651 vel
1476 1607 1726 1666 Βολόγεσσος
1767 1610 1978 1665 Stephani

235 1679 443 1734 Byzantii
484 1678 645 1722 codices
687 1694 723 1722 s.
763 1693 802 1722 v.
851 1677 1123 1735 Βολογεσιάς).
1184 1678 1240 1720 In
1283 1678 1466 1721 nummis
1509 1677 1634 1720 huius
1675 1678 1787 1733 reyis
1828 1693 1976 1722 nomen

236 1763 322 1791 non
365 1749 623 1803 enuntiatur,
675 1748 723 1791 in
769 1762 915 1803 reyum
958 1748 1215 1802 sequentium
1260 1747 1444 1790 nummis
1484 1746 1732 1801 plerumque
1774 1749 1978 1791 scribitur

238 1817 473 1875 Ὀλαγάσου,
517 1817 731 1860 interdum
770 1816 991 1874 Ὀλογάσου
1039 1816 1103 1860 vel
1147 1815 1402 1874 Ὀλαγαίσου,
1448 1816 1503 1870 of.
1544 1816 1666 1870 infra
1699 1830 1742 1860 n.
1775 1819 1865 1859 635.
1898 1820 1978 1859 636

238 1885 496 1943 (Βολαγάσου
529 1887 576 1929 in
614 1887 798 1929 nummis
837 1901 907 1941 ap.
950 1886 1143 1929 Vaillant
1172 1885 1329 1928 Arsae.
1361 1900 1409 1939 p.
1431 1888 1534 1929 292.
1564 1888 1659 1929 364.
1691 1888 1785 1936 366,
1817 1900 1868 1928 eoe
1898 1900 1977 1940 quo

231 1956 389 2011 pendet
417 1955 579 1998 Eekhel
599 1958 639 2005 3,
662 1959 755 1998 356.
777 1958 872 2006 358,
903 1955 1014 1997 male
1046 1955 1193 1997 lectum
1223 1954 1287 1996 vel
1315 1953 1551 2008 suppletum
1583 1966 1669 1996 esse
1697 1953 1890 2009 videtur).
1921 1980 1978 1984 —

247 2025 460 2080 Oppidum
509 2025 562 2067 ab
619 2038 665 2066 eo
715 2024 928 2066 eonditum
980 2024 1026 2065 in
1075 2023 1210 2066 titulis
1258 2022 1527 2077 Pahnyrenis
1580 2022 1702 2065 modo
1754 2022 1978 2082 Ὀλογεσιοίς

239 2094 481 2149 appellatur
513 2093 827 2150 (Waddinyton
856 2093 987 2148 2599)
1018 2093 1141 2136 modo
1174 2092 1406 2150 ’)λογασιάς
1435 2093 1509 2148 (ib.
1535 2091 1676 2148 2589),
1709 2107 1777 2147 ap.
1801 2092 1978 2147 Stepha-

237 2177 339 2205 num
367 2163 471 2218 Byz.
506 2162 747 2220 Βολογεσιοίς
775 2163 839 2206 vel
872 2162 1152 2220 Βολογεσσιάς,
1185 2177 1254 2217 ap.
1287 2162 1400 2204 Ptol.
1430 2164 1469 2212 5,
1501 2164 1572 2212 20,
1606 2164 1632 2203 6
1663 2161 1899 2218 Οὐολγεσιά.

329 2232 533 2287 Vononis,
567 2232 795 2274 Medorum
827 2247 877 2274 ac
899 2231 1056 2273 deinde
1077 2231 1341 2274 Parthorum
1368 2231 1483 2285 regis
1504 2229 1621 2272 filius
1648 2230 1747 2273 Ταῦ.
1765 2245 1806 2273 α.
1822 2234 1892 2281 12,
1910 2234 1975 2281 14,

241 2308 434 2343 materna
475 2302 641 2356 origine
682 2316 737 2342 ex
774 2300 938 2358 paelice
970 2300 1140 2344 Graeca
1168 2301 1226 2344 ib.
1257 2303 1327 2351 12,
1359 2303 1413 2342 44
1444 2299 1713 2355 (Voloyaesi's
1741 2303 1977 2341 maternam

243 2371 445 2425 oriyinem
467 2372 588 2424 tanyi
607 2384 635 2411 a
651 2369 767 2413 Plut.
793 2369 935 2414 Crass.
951 2373 1010 2412 32
1024 2373 1154 2424 putat
1172 2383 1208 2411 v.
1234 2368 1486 2411 Gutsehmid
1508 2368 1656 2412 Geseh.
1679 2368 1812 2410 Irans
1830 2383 1876 2422 p.
1892 2371 1976 2411 129

240 2442 326 2483 not.
348 2442 405 2496 1).
440 2440 589 2481 Pacori
612 2446 655 2481 et
675 2439 885 2481 Tiridatis
908 2439 1042 2481 frater
1062 2438 1228 2493 Ioseph.
1252 2441 1340 2480 ant.
1362 2441 1431 2488 20,
1453 2441 1492 2488 3,
1514 2441 1554 2488 4,
1586 2438 1684 2480 Ταῦ.
1707 2452 1746 2479 α.
1769 2439 1834 2487 15,
1850 2439 1892 2479 2.
1910 2439 1973 2489 14,

239 2507 327 2550 Dio
347 2511 412 2558 63,
431 2510 470 2558 5,
494 2507 573 2549 hoc
595 2516 711 2550 certe
734 2509 871 2550 maior
894 2507 993 2550 Ταῦ.
1018 2522 1057 2550 α.
1083 2509 1151 2557 15,
1173 2511 1205 2550 2
1234 2507 1381 2561 (etiam
1406 2507 1606 2550 Gotarzis
1628 2506 1762 2548 frater
1780 2504 1976 2559 Ioseph).

242 2577 461 2620 Successit
487 2577 659 2619 Vononi
693 2577 790 2621 Ταῦ.
823 2591 863 2620 α.
897 2581 963 2628 12,
995 2580 1049 2619 14
1080 2577 1276 2630 (Gotarzi
1308 2575 1505 2630 Ioseph),
1548 2590 1754 2617 concessu
1795 2574 1975 2615 fratrum

240 2660 424 2701 regnum
457 2646 639 2702 adeptus
667 2647 766 2689 Ταῦ.
789 2660 828 2688 α.
852 2650 921 2696 12,
943 2649 1008 2690 44.
1055 2645 1222 2687 ‘Medos
1246 2645 1435 2687 Pacorus
1467 2651 1567 2686 ante
1598 2649 1785 2700 ceperat’
1814 2642 1912 2686 Ταῦ.
1936 2656 1976 2685 α.

241 2717 306 2766 15,
341 2718 373 2758 2
403 2714 580 2767 (scilieet
619 2729 709 2757 eum
752 2715 942 2757 Vonones
979 2729 1057 2757 rex
1091 2713 1354 2756 Parthorum
1393 2714 1535 2767 faetus
1573 2711 1674 2766 est);
1716 2711 1976 2765 Vologaeses

243 2785 409 2826 Pacoro
440 2783 630 2826 Mediam
663 2785 877 2826 commisit
902 2783 1068 2838 Ioseph.
1099 2783 1125 2826 l.
1158 2797 1191 2827 ῦ.
1246 2783 1394 2827 ‘Genti
1427 2782 1688 2824 Parthorum
1717 2779 1976 2833 Vologaeses

241 2851 533 2908 imperitabat'
565 2852 663 2894 Ταῦ.
697 2867 738 2895 α.
770 2856 838 2905 12,
869 2856 924 2895 44
955 2852 1014 2894 ad
1042 2867 1082 2894 a.
1108 2854 1176 2894 51.
1237 2851 1367 2894 Recte
1403 2851 1536 2905 iyitur
1562 2853 1609 2891 ut
1647 2848 1811 2890 videtur
1838 2849 1975 2901 Lony-

240 2922 388 2975 perier
401 2923 520 2963 me'm.
537 2935 613 2963 sur
630 2921 674 2964 la
691 2922 954 2976 chronoloyie
972 2922 1042 2964 (les
1058 2921 1290 2964 Arsacides
1303 2935 1350 2975 p.
1363 2923 1446 2962 103
1462 2933 1543 2973 seq.
1567 2922 1605 2960 et
1624 2917 1760 2971 Perey
1778 2915 1979 2959 Gardner

244 2990 461 3032 Parthian
491 2991 665 3046 eoinaye
687 3005 735 3045 p.
756 2994 823 3033 50.
851 2994 904 3033 51
935 2991 975 3033 ei
1005 2990 1245 3032 attribuunt
1272 3001 1463 3031 nummos
1491 2988 1603 3041 reyis
1632 2985 1831 3027 Parthici
1859 2996 1978 3025 cusos

245 3059 299 3101 ab
323 3073 362 3101 a.
386 3058 472 3101 Sel.
487 3061 574 3101 362
592 3072 720 3101 mens.
746 3059 879 3113 Gorp.
897 3058 1026 3114 (Auo.
1043 3058 1112 3112 51)
1139 3057 1197 3099 ad
1217 3071 1256 3100 a.
1279 3060 1359 3099 365
1379 3069 1506 3098 mens.
1529 3054 1717 3108 Hypera
1740 3052 1874 3107 (Sept.
1891 3052 1975 3105 54),

246 3127 364 3180 (quos
396 3130 535 3169 tamen
566 3127 646 3169 alii
665 3128 812 3182 patris
843 3128 933 3169 eius
963 3127 1147 3169 Venonis
1169 3139 1254 3168 esse
1275 3128 1447 3180 putant,
1481 3124 1537 3177 ef.
1563 3123 1682 3176 infra
1707 3122 1783 3163 sub
1811 3120 1977 3163 Vonone

243 3210 284 3238 n.
318 3197 429 3250 671).
493 3195 670 3237 Nummi
698 3197 789 3239 cusi
810 3211 895 3250 per
928 3208 1061 3238 annos
1088 3198 1141 3237 55
1173 3195 1232 3237 ad
1264 3197 1331 3244 58,
1373 3195 1501 3246 caput
1541 3190 1763 3233 admodum
1800 3188 1979 3231 iuvenile

245 3264 493 3314 eoehibentes,
522 3264 717 3306 videntur
738 3278 824 3307 esse
846 3263 1085 3306 adversarii
1105 3264 1193 3305 eius
1214 3263 1279 3315 (de
1298 3276 1378 3316 quo
1400 3262 1531 3314 infra,
1565 3260 1619 3312 ef.
1641 3272 1773 3313 supra
1793 3272 1833 3321 n.
1856 3259 1978 3312 176);

244 3334 334 3377 sine
365 3333 492 3376 dubio
524 3336 662 3375 autem
693 3334 781 3376 eius
811 3336 908 3376 sunt
928 3333 1090 3375 nummi
1109 3333 1200 3374 eusi
1218 3346 1300 3386 per
1322 3343 1456 3372 annos
1480 3332 1532 3370 60
1555 3327 1613 3369 ad
1630 3329 1695 3377 68,
1725 3339 1977 3380 quamquam
