2242 3672
284 260 506 297 VALERIA
1139 246 1223 288 382
1291 273 1294 275 Α
1872 251 2088 289 VALLIVS

287 391 369 434 164
402 389 571 432 Valeria
597 386 740 429 Polla:
774 386 866 426 eius
897 385 1008 426 servi
1042 379 1240 436 (actores,
1265 382 1554 439 dispensator)
1586 382 1655 425 VI
1678 385 1801 427 9125.
1834 386 1950 427 9127
1977 383 2093 438 (nam

367 459 438 500 vix
469 457 559 499 alia
585 454 712 497 Polla
740 452 1038 507 siqnifieatur).
1069 454 1176 493 9349
1207 450 1399 503 (eandem
1430 464 1516 493 esse
1544 450 1733 493 Paulam
1764 450 1979 494 Valeriam
2008 452 2094 494 sive

368 525 548 573 Pollam,
563 535 735 565 uxorem
745 519 803 562 D.
816 519 957 569 Bruti,
975 533 1082 572 quae
1097 522 1355 561 memoratur
1373 518 1459 562 Cio.
1472 533 1533 574 ep.
1553 518 1611 561 aol
1623 519 1728 572 fam.
1740 521 1781 570 8,
1799 522 1837 570 7,
1853 523 1898 562 2.
1914 523 1979 570 11,
1995 522 2036 570 8,
2053 523 2092 571 1,

370 593 468 635 olim
500 591 734 633 coniecerat
762 588 947 637 Heneen,
987 587 1127 629 minus
1162 590 1271 630 reete
1309 591 1358 629 ut
1388 590 1495 641 puto
1536 587 1688 642 quimoe
1727 601 1835 641 quae
1873 588 1930 630 sit
1962 587 2093 631 multo

371 660 614 715 antiquior).
689 656 775 700 Sed
819 655 961 698 eadem
1010 656 1191 709 fortasse
1234 655 1414 699 Valeria
1458 655 1582 698 Polla
1626 655 1801 698 domina
1845 655 2095 711 figlinarum

371 727 533 782 teyulae
561 727 753 768 urbanae
785 724 833 766 X
843 724 884 766 V
900 726 996 774 235,
1029 738 1134 778 quas
1164 723 1339 766 Dressel
1368 724 1510 777 fae-tas
1530 727 1661 778 putat
1690 727 1828 766 aetate
1857 723 2094 767 Hadriani.

291 797 366 838 165
398 795 574 837 Valeria
595 793 750 847 Proba,
780 792 1050 834 *clarissima
1070 792 1232 834 femina
1252 792 1457 848 (traditur
1487 793 1581 834 caia
1610 792 1684 834 illa
1713 791 1815 847 filia,
1847 792 1960 847 quod
1985 792 2096 836 male

369 863 549 905 solutum
589 876 639 904 eoo
679 860 729 903 cl.
772 861 800 904 f.
844 861 1019 903 coniecit
1059 860 1313 915 Mommsen)
1355 864 1384 902 t.
1424 862 1470 903 in
1500 861 1674 904 Histria
1712 864 1762 903 ut
1797 860 1964 904 videtur
1989 875 2094 916 rep.,

367 931 501 981 semel,
535 934 574 972 et
602 930 711 972 male
741 929 908 983 quidem
938 929 1184 983 descriptus,
1218 928 1261 971 V
1283 932 1384 973 722.

288 1000 367 1041 166
397 999 573 1041 Valeria
595 997 796 1041 Secunda
817 996 1040 1054 (Βαλλερια
1063 998 1299 1050 Σεκοῦνδα),
1332 1004 1482 1040 curata
1513 997 1567 1039 ab
1595 997 1900 1040 Andromacho
1927 997 2095 1041 medico
2148 1017 2166 1027 0

372 1067 561 1111 Galenus
582 1069 670 1123 περὶ
686 1067 915 1113 συνθέσεως
933 1083 1055 1123 φαρμ
1079 1071 1157 1109 τῶν
1178 1067 1278 1109 κατὰ
1298 1066 1393 1124 γένη
1414 1070 1455 1117 4,
1471 1068 1498 1109 5
1513 1066 1671 1121 (XIII
1676 1081 1724 1121 p
1735 1070 1818 1109 707
1830 1066 1894 1110 ecl.
1907 1066 2094 1123 Kuelm).

368 1136 573 1178 Fortasse
602 1136 764 1189 femina
791 1135 948 1177 nobilis
976 1135 1040 1177 vel
1070 1138 1179 1177 certe
1209 1135 1333 1177 olives.

297 1229 353 1234 --
398 1210 652 1246 SERVENIA
677 1209 911 1246 CORNVTA
934 1209 1191 1245 GORNELIA
1214 1209 1500 1245 GALPVRNIA
1516 1210 1742 1246 VALERIA
1765 1209 1998 1246 SECVNDA
2020 1207 2095 1247 cet.

287 1274 365 1316 167
398 1272 574 1315 Valeria
605 1272 839 1325 Tussania,
883 1273 931 1316 P.
965 1272 1024 1327 [f.]
1058 1272 1148 1327 (sed
1180 1275 1360 1326 possunt
1390 1272 1527 1327 plura
1545 1274 1729 1327 periisse
1759 1273 1869 1316 inter
1900 1273 2097 1316 Valeriae

369 1345 408 1383 et
434 1341 667 1383 Tussaniae
686 1339 922 1394 voeabula),
947 1339 1026 1383 On.
1045 1340 1230 1382 Tussani
1247 1340 1436 1395 P[roculi
1449 1339 1486 1395 P]
1509 1340 1633 1383 heres
1654 1347 1704 1383 ut
1722 1340 1896 1384 videtur
1917 1344 1945 1386 t.
1958 1355 2098 1396 prope

368 1410 532 1452 Ostiam
560 1423 647 1463 rep.
679 1408 747 1450 VI
760 1411 867 1450 1534
896 1428 952 1442 =
972 1408 1099 1451 XIV
1110 1411 1192 1451 175
1222 1409 1276 1462 ef.
1310 1408 1405 1451 add.
1430 1423 1477 1463 p.
1500 1411 1594 1452 481.
1652 1408 1720 1464 Cf.
1750 1422 1884 1464 supra
1911 1410 1988 1453 sub
2013 1408 2094 1468 Cn.

375 1477 581 1520 Tussanio
612 1476 808 1519 Proculo.

287 1547 366 1588 168
398 1545 575 1589 Valeria
613 1543 799 1600 Urbica,
843 1545 902 1587 M.
943 1544 995 1598 f.‚
1038 1543 1214 1587 domina
1251 1544 1500 1599 figlinarum
1540 1546 1703 1601 teyulae
1732 1545 1832 1590 XV
1852 1548 1963 1590 1488
1991 1558 2099 1601 quas
2164 1582 2170 1591 .

369 1615 503 1656 aetati
531 1613 755 1656 Hadriani
784 1614 981 1655 attribuit
1010 1612 1196 1656 Dressel.

288 1740 367 1782 169
399 1745 675 1783 0.VALG1Vs
706 1745 881 1781 RVFVS.
923 1738 972 1782 O.
994 1738 1177 1794 Valgius
1199 1739 1332 1790 Ptin„
1362 1740 1503 1793 Quint.
1524 1743 1563 1791 3,
1584 1744 1623 1791 1,
1647 1743 1713 1791 18,
1745 1739 1929 1796 Valgius
1957 1740 2096 1784 Rufus

374 1808 494 1859 Gal..
527 1807 708 1861 Valgius
730 1807 991 1862 plerumque.
1051 1807 1109 1850 In
1138 1807 1359 1850 consulatu
1390 1807 1438 1852 C.
1469 1808 1653 1863 Valgius
1685 1809 1825 1851 Rufus
1857 1808 1925 1852 VI
1942 1811 2096 1860 21158,

373 1876 420 1920 O.
444 1876 624 1930 Valgius
644 1890 754 1919 mon.
776 1876 936 1930 Aneyr.
958 1879 1000 1926 2,
1023 1878 1095 1926 28,
1126 1877 1234 1929 fasti
1259 1875 1486 1929 Colotiani,
1519 1876 1642 1920 VIII
1654 1880 1720 1928 68,
1751 1877 1800 1920 Χ
1820 1880 1942 1928 3804,
1969 1877 2020 1922 C.
2041 1877 2096 1921 V.

371 1945 437 1988 VI
460 1948 607 1995 17130,
641 1944 823 1999 Valgius
854 1945 962 1998 fasti
991 1944 1264 1986 Praenestini
1292 1945 1351 1987 ad
1379 1949 1405 1987 6
1426 1945 1566 1988 Mart.
1597 1949 1659 1990 28
1681 1946 1816 2001 Apr.,·
1847 1979 1974 1989 .....
1995 1945 2096 1990 Rus.

369 2016 556 2066 superest
586 2014 632 2055 in
661 2013 790 2066 fastis
817 2012 1086 2067 Capitolinis.
1117 2038 1175 2042 —

455 2080 504 2123 O.
547 2081 575 2123 f.
616 2081 723 2135 fasti
752 2080 967 2123 Colotiani
994 2080 1133 2136 (CIL.
1165 2081 1199 2123 I
1222 2081 1284 2123 eol.
1316 2085 1348 2124 2
1369 2096 1416 2136 p.
1449 2081 1531 2135 64).
1599 2082 1762 2125 Consul
1802 2099 1840 2127 a.
1873 2085 1956 2128 742
1997 2098 2097 2128 eum

371 2149 417 2193 C.
453 2149 644 2205 Sulpicio
676 2149 888 2203 Quirinio,
923 2150 1130 2191 suffectus
1161 2151 1204 2191 in
1236 2149 1377 2191 locum
1399 2150 1457 2193 M.
1480 2149 1646 2193 Valerii
1668 2151 1896 2195 Messallae
1918 2152 2097 2196 Barbati

371 2218 478 2271 fasti
515 2216 766 2272 Capitolini,
809 2219 863 2272 es.
901 2222 1126 2271 praeterea
1164 2231 1298 2272 supra
1343 2217 1600 2271 (consularis
1640 2219 1849 2276 Porphyr.
1891 2221 1951 2264 ad
1987 2221 2096 2267 Hor.

371 2300 501 2330 earm.
532 2289 575 2336 2,
606 2288 663 2334 9).
726 2286 806 2328 Vir
839 2286 1098 2328 ‘eruditione
1130 2294 1360 2343 spectatus'
1386 2286 1504 2331 Plin.
1535 2288 1576 2330 h.
1606 2303 1648 2331 n.
1681 2292 1750 2340 25,
1782 2293 1821 2333 4.
1881 2290 2097 2333 Iudicium

371 2355 463 2395 eius
484 2355 629 2407 magni
650 2353 753 2395 fecit
774 2355 985 2396 Horatius
1005 2358 1086 2397 sat.
1109 2359 1145 2405 1,
1173 2358 1240 2405 10,
1261 2358 1321 2398 82
1330 2369 1344 2407 ;
1373 2355 1428 2397 ad
1457 2371 1555 2398 eum
1585 2356 1706 2399 dedit
1725 2358 1934 2400 Horatius
1965 2372 2094 2402 carm.

370 2425 413 2472 2,
438 2426 475 2465 9.
523 2423 678 2464 Poeta:
712 2423 934 2476 ingenium
968 2424 1060 2464 eius
1091 2423 1337 2466 celebratur
1366 2424 1581 2480 (‘propior
1610 2440 1698 2467 non
1728 2425 1837 2468 alter
1866 2426 2098 2480 Homero')

370 2489 572 2545 [Tibull]
592 2494 631 2539 4,
653 2493 692 2539 1,
712 2493 805 2534 180.
868 2491 1052 2546 Scripsit
1084 2491 1243 2546 elegias
1274 2491 1399 2535 schol.
1433 2492 1579 2534 Veron.
1612 2493 1671 2534 acl
1699 2493 1819 2547 Very.
1851 2494 1941 2538 buo.
1974 2498 2012 2545 7,
2034 2497 2098 2539 22

373 2565 438 2611 (p.
462 2561 514 2599 74
546 2558 664 2611 Keil)
697 2558 752 2600 al.
788 2558 968 2613 Valgius
1002 2560 1043 2600 in
1078 2559 1210 2613 elegis
1241 2560 1355 2603 Serv.
1386 2559 1445 2601 ad
1469 2560 1577 2604 Aen.
1607 2564 1672 2611 11,
1694 2564 1788 2604 457.
1838 2561 2023 2617 Valgius
2051 2564 2097 2605 in

373 2626 680 2680 epigrammate
711 2627 781 2679 (—
798 2628 850 2667 tis
890 2628 940 2668 L.
974 2627 1156 2682 Muller)
1190 2627 1359 2670 Charis.
1391 2627 1464 2672 lib.
1497 2629 1531 2670 I
1543 2643 1592 2682 p.
1614 2632 1709 2680 108,
1733 2633 1761 2671 7
1779 2630 1894 2675 Keil.
1953 2630 2097 2686 Fray-

369 2697 509 2734 wenta
549 2695 783 2735 carminum
822 2696 1051 2749 composuit
1090 2696 1313 2738 Baehrens
1349 2698 1502 2750 fraym.
1539 2701 1648 2750 poet.
1680 2698 1804 2741 Rom.
1833 2714 1881 2753 p.
1911 2703 2010 2744 342.
2042 2725 2096 2731 —

374 2760 625 2816 Apollodori
668 2764 921 2817 Pergameni
966 2764 1172 2818 rhetoris,
1215 2766 1338 2807 cuius
1378 2765 1616 2822 discipulus
1661 2767 1824 2822 fuerat,
1865 2771 2097 2825 Praecepta

376 2830 530 2870 Latine
571 2830 749 2872 tradidit
785 2833 959 2884 Quintil.
985 2837 1024 2883 3,
1057 2837 1095 2884 1,
1127 2837 1194 2876 18.
1235 2838 1275 2884 3,
1306 2837 1345 2884 5,
1376 2838 1433 2876 17
1461 2835 1514 2888 ef.
1546 2837 1585 2886 5,
1617 2839 1681 2886 10,
1711 2840 1750 2880 4.
1811 2836 1929 2878 Idem
1961 2836 2098 2879 edidit

378 2897 527 2939 libros
568 2901 808 2952 argumenti
863 2903 1133 2954 grammatici
1186 2904 1414 2959 inscriptos
1463 2903 1517 2944 de
1565 2904 1695 2946 rebus
1743 2919 1822 2960 per
1866 2904 2096 2962 epistulam

374 2966 579 3020 quaesitis
607 2966 772 3008 Gellius
802 2972 872 3018 12,
905 2972 942 3018 3,
975 2973 1025 3020 1,·
1055 2969 1224 3012 Charis,
1257 2971 1292 3012 Ι
1305 2986 1354 3025 p.
1385 2974 1477 3021 108,
1507 2975 1578 3015 27.
1610 2975 1702 3022 135,
1733 2976 1793 3015 23
1821 2973 1874 3027 cfi
1905 2976 2002 3028 102,
2027 2976 2094 3018 10.

374 3036 464 3082 143,
486 3037 543 3075 25
553 3047 566 3083 ,·
595 3034 788 3077 Diomed.
817 3050 860 3089 p.
881 3040 975 3087 387,
1002 3041 1028 3078 6
1059 3038 1174 3081 Keil.
1236 3040 1438 3095 Denique
1468 3039 1523 3081 de
1554 3039 1784 3082 herbarum
1815 3047 1971 3083 natura
2000 3040 2095 3082 reli-

376 3102 469 3155 quit
499 3102 800 3157 imperfectum
830 3103 1031 3146 volumen
1064 3106 1119 3148 ad
1150 3107 1300 3149 divum
1328 3107 1576 3162 Augustum
1597 3107 1714 3151 Plin.
1735 3108 1776 3150 h.
1797 3123 1838 3151 n.
1860 3110 1931 3159 25,
1951 3112 1991 3159 4,
2023 3108 2096 3151 ad-

375 3167 558 3210 hibitum
598 3185 623 3210 a
663 3170 803 3212 Plinio
835 3172 889 3213 ad
921 3172 1054 3215 libros
1085 3175 1413 3218 XX-XXVII
1443 3175 1560 3220 Ptin.
1591 3176 1632 3219 h.
1659 3191 1701 3219 n.
1733 3180 1771 3226 1,
1802 3179 1967 3220 20-27.
2028 3175 2094 3231 CY-

382 3236 540 3286 Teuffel
569 3238 654 3279 Lit.
686 3238 717 3291 ἕ
747 3242 844 3280 241.

295 3302 374 3343 170
405 3302 452 3346 O.
474 3303 641 3346 Vallius
663 3306 955 3348 Maximianus
985 3308 1062 3363 (sie
1092 3312 1120 3352 t.
1141 3314 1179 3360 1,
1212 3310 1266 3354 Gr.
1289 3311 1458 3353 Vallius
1479 3312 1786 3354 Maxumianus
1807 3315 1835 3354 t.
1855 3312 1916 3366 2).
1963 3311 2097 3355 Tituli
