2242 3672
137 244 408 286 TIRIDATES
1007 241 1090 284 325
1685 246 1956 282 TIRIDATES

175 385 180 390 ·
224 377 358 420 Paeto
390 390 572 432 regnum
604 376 840 420 Armeniae
871 393 917 420 se
947 393 973 420 a
992 378 1176 420 *Nerone
1216 383 1498 434 accepturum
1538 378 1750 434 promittit
1785 378 1882 421 Tae.
1917 392 1957 420 a.

223 448 289 497 15,
310 449 370 489 24
400 447 456 500 ef.
480 448 552 497 25,
582 445 673 489 Dio
702 449 770 501 62,
804 450 877 490 21.
907 449 983 491 22.
1035 445 1330 489 Corbulonem
1357 445 1594 489 Rhandeae
1623 447 1839 502 convenit,
1869 446 1958 490 dia-

225 514 351 556 dema
381 514 498 571 apud
529 520 716 557 statuam
747 515 932 557 Neronis
961 515 1141 572 deponit
1178 515 1275 558 Tae.
1308 529 1347 557 a.
1379 517 1444 566 15,
1474 517 1533 558 28
1552 528 1649 569 seq„
1680 514 1768 558 Dio
1797 518 1864 568 62,
1887 518 1958 567 23,

223 582 359 625 filiam
391 583 585 626 obsidem
613 583 734 626 dedit
759 584 860 630 Tac.
883 599 924 626 a.
946 586 1015 636 15,
1036 587 1091 627 30
1113 584 1176 639 (‘a
1197 583 1446 628 Corbulone
1468 584 1610 626 victus
1643 591 1685 626 et
1715 585 1955 627 restit'utus'

223 651 391 707 Ampel.
422 655 489 707 39,
519 653 578 707 4).
632 652 686 696 A.
718 654 773 696 66
803 668 891 695 una
922 668 1020 695 cum
1051 668 1188 696 uxore
1225 660 1267 695 et
1295 653 1444 696 liberis
1473 667 1721 710 magnoque
1751 653 1960 696 comitatu

223 720 313 764 Dio
342 724 407 772 63,
444 725 491 776 1,
535 723 729 764 terrestri
769 723 923 764 itinere
964 721 1082 767 Plin.
1114 722 1154 765 h.
1185 737 1227 765 n.
1257 726 1326 774 30,
1357 725 1412 765 16
1451 723 1506 777 ef.
1542 722 1631 765 Dio
1660 725 1726 774 63,
1758 726 1802 766 2.
1837 726 1874 774 7,
1915 723 1960 764 in

224 788 395 833 Italiam
415 789 647 846 profectus,
671 805 771 833 cum
793 791 1011 834 Neronem
1033 791 1216 847 Neapoli
1239 792 1513 834 convenisset
1533 791 1622 835 Dio
1642 795 1707 843 63,
1727 794 1772 841 2,
1802 791 1961 834 deinde

150 866 175 907 J
222 860 386 902 Romae
416 858 472 902 ab
504 874 553 901 eo
584 859 816 914 magnifice
848 866 1078 916 exceptus,
1122 860 1324 902 diadema
1353 874 1487 903 manu
1519 861 1612 903 eius
1647 860 1811 918 recepit
1841 860 1959 903 Suet.

227 927 331 972 Ner.
362 931 427 983 13,
459 927 549 971 Dio
578 931 643 980 63,
675 932 702 971 4
731 942 813 983 seq,
846 929 900 983 ef.
932 928 1052 971 Plin.
1079 929 1120 973 h.
1150 943 1193 972 n.
1226 932 1295 980 30,
1327 932 1380 972 16
1420 929 1513 984 (ubi
1540 943 1685 972 errore
1715 929 1963 972 Mitridatis

223 1011 374 1040 nomen
405 998 597 1052 positum
626 1012 712 1052 pro
758 998 979 1053 Tiridate),
1022 1001 1090 1048 33,
1123 1000 1190 1049 54,
1232 998 1330 1040 Tae.
1364 1013 1403 1040 a.
1439 1001 1504 1049 16,
1540 1000 1599 1041 23
1609 1011 1623 1050 ,·
1662 1004 1861 1054 sumptus
1901 998 1962 1053 inss

223 1071 376 1121 gentes
415 1066 461 1108 in
501 1081 600 1109 eum
638 1066 741 1110 facti
780 1067 897 1111 Suet.
934 1066 1040 1112 Ner.
1070 1070 1150 1118 30,
1200 1066 1290 1110 Dio
1320 1070 1385 1118 63,
1412 1071 1461 1118 1,·
1503 1067 1756 1123 ‘provinciis
1795 1067 1960 1122 gravis'

224 1133 342 1177 Plin.
373 1134 413 1177 h.
443 1149 485 1179 n.
519 1139 587 1187 30,
622 1139 688 1181 16.
750 1136 954 1191 ‘Magus‘;
985 1149 1135 1191 magos
1166 1150 1312 1178 secum
1340 1135 1607 1191 adduxerat,
1636 1136 1818 1191 magicis
1847 1136 1964 1177 cenis

225 1204 442 1246 Neronem
482 1205 674 1247 initiavit
712 1205 831 1248 Plin.
873 1205 901 1247 l.
938 1219 972 1248 e.
1014 1204 1323 1259 (sacerdotium
1362 1203 1583 1260 quoddam
1622 1205 1715 1246 eius
1755 1209 1966 1246 memorat

231 1272 330 1315 Tae.
362 1287 401 1315 a.
434 1275 503 1324 15,
534 1274 624 1328 24).
655 1298 714 1303 —
749 1273 819 1317 Ab
851 1273 928 1316 hoe
958 1276 1006 1316 ut
1035 1273 1202 1316 videtur
1232 1272 1440 1327 appellati
1477 1274 1577 1329 equi
1608 1271 1817 1315 Tiridatis
1848 1273 1963 1328 regis

136 1341 139 1343 ’
226 1340 557 1397 Armeniorum,
601 1342 767 1385 Romae
807 1343 882 1399 qui
922 1342 1180 1385 visebantur
1221 1342 1398 1396 regione
1438 1341 1559 1384 urbis
1605 1341 1722 1383 dicta
1760 1342 1835 1383 via
1877 1340 1966 1384 lata

228 1409 401 1453 Notitia
428 1411 550 1454 urbis
578 1425 663 1466 req.
698 1410 794 1454 VII
815 1411 888 1467 (ef.
919 1410 1087 1454 Preller
1115 1410 1222 1466 Rey.
1244 1425 1294 1465 p.
1310 1413 1428 1466 139).
1449 1435 1507 1439 —
1536 1410 1731 1453 Domum
1761 1425 1965 1452 reversus

227 1478 444 1523 Artaxata
483 1479 639 1523 urbem
679 1481 868 1523 restituit
912 1487 954 1522 et
984 1480 1186 1522 Neronea
1222 1478 1457 1536 appellavit
1486 1479 1575 1526 Dio
1606 1482 1669 1534 63,
1704 1482 1741 1521 7.
1804 1478 1967 1522 Contra

226 1547 392 1592 Alanos
431 1549 686 1591 Armeniam
728 1549 1026 1605 inrumpentes
1064 1562 1162 1590 cum
1201 1561 1392 1604 pugnam
1424 1548 1731 1603 commisisset,
1769 1546 1965 1604 paullum

147 1621 178 1650 ⁵12
227 1615 378 1660 aberat
407 1618 513 1674 quin
543 1618 674 1660 vivus
706 1623 937 1673 caperetur
966 1617 1132 1671 Ioseph.
1165 1616 1259 1659 bell.
1293 1619 1329 1667 7,
1364 1620 1401 1668 7,
1432 1620 1471 1661 4.

145 1697 226 1741 178
257 1697 488 1753 Tiridates,
513 1705 701 1756 satrapa,
729 1700 772 1740 in
794 1698 1007 1741 Armenia
1027 1698 1178 1741 turbas
1201 1698 1444 1753 concitavit,
1467 1711 1616 1752 regem
1636 1696 1965 1739 Heniochorum

227 1766 477 1823 trucidavit,
509 1775 663 1811 contra
684 1768 851 1811 Verum
873 1768 1106 1824 (Martium
1126 1767 1277 1811 Verum
1301 1767 1484 1822 leyatum
1500 1765 1811 1821 Cappadociae,
1830 1780 1965 1821 supra

230 1835 292 1878 M
307 1839 409 1892 261)
439 1835 635 1892 gladium
665 1838 865 1894 strinxitr,
898 1837 1032 1880 nihilo
1060 1838 1207 1880 minus
1238 1852 1265 1880 a
1287 1837 1348 1880 M.
1370 1835 1547 1879 Aurelio
1579 1851 1668 1878 non
1699 1835 1965 1887 interfectus,

229 1904 307 1947 sed
335 1902 554 1961 relegatus
586 1912 754 1949 tantum
786 1907 832 1948 in
861 1906 1135 1948 Britanniam
1166 1905 1255 1949 Dio
1287 1908 1351 1957 71,
1385 1909 1438 1948 14
1470 1905 1573 1960 (exe.
1607 1904 1731 1959 Val).

147 1984 228 2028 179
259 1985 489 2038 Tiridates,
529 2002 555 2029 a
585 1987 792 2030 Romanis
823 2002 921 2029 cum
953 1986 1171 2029 Antiocho
1203 1986 1393 2043 quodam
1422 1985 1679 2042 philosopho
1713 1984 1880 2040 Cynico
1912 1984 1967 2026 ad

231 2054 415 2098 Parthos
446 2056 683 2110 transfugit
702 2055 791 2098 Dio
813 2058 878 2106 77,
901 2058 967 2099 19.
1023 2055 1132 2098 Esse
1152 2055 1335 2109 fratrem
1361 2053 1613 2108 Votoque-sia
1636 2067 1757 2108 quem
1778 2053 1969 2096 comitem

230 2123 436 2178 Septimio
463 2125 617 2168 Severo
643 2124 905 2179 expeditione
935 2123 1146 2166 Parthica
1185 2124 1318 2177 fuiSSe
1359 2122 1495 2164 tradit
1520 2121 1609 2164 Dio
1640 2124 1705 2173 75,
1737 2125 1776 2172 9,
1817 2122 1969 2164 statuit

237 2192 430 2236 Vaillant
463 2193 720 2236 Arsaeidar.
762 2194 910 2248 imper.
943 2195 1088 2249 (1725)
1110 2207 1159 2246 p.
1190 2195 1284 2243 357,
1316 2192 1499 2245 fortasse
1536 2194 1647 2233 reete
1686 2191 1835 2246 (secuti
1871 2193 1970 2233 sunt

169 2284 171 2286 ·
231 2261 376 2313 multi,
422 2263 468 2305 in
507 2262 575 2305 his
612 2277 650 2305 v.
689 2262 943 2305 Gutsehmid
979 2261 1129 2305 Geseh.
1169 2261 1302 2304 Irans
1336 2275 1383 2315 p.
1418 2262 1516 2303 152.
1547 2259 1668 2314 154),·
1706 2259 1968 2302 Mommseno

232 2330 395 2386 (Roem.
435 2330 585 2374 Geseh.
619 2331 662 2374 V
673 2347 722 2386 p.
754 2334 852 2387 418)
892 2345 978 2373 non
1009 2330 1196 2373 diversus
1226 2332 1287 2372 est
1317 2329 1370 2371 ab
1403 2343 1449 2371 eo
1480 2328 1553 2382 qui
1581 2329 1782 2381 sequitur.
1812 2352 1869 2358 —-
1908 2328 1970 2370 Ut

234 2398 491 2442 redderetur
530 2415 557 2442 a
585 2399 830 2455 Vologaese
864 2413 967 2454 rege
1003 2398 1266 2441 Parthorum
1306 2398 1495 2453 primum
1535 2397 1696 2438 frustra
1735 2395 1971 2452 postulavit

234 2467 462 2511 Caracalla
490 2468 579 2512 Dio
612 2473 677 2520 77,
709 2472 778 2519 19,
811 2467 970 2510 deinde
999 2467 1187 2510 obtinuit
1212 2467 1270 2509 ib.
1303 2469 1367 2517 77,
1395 2468 1466 2508 21.

152 2547 234 2591 180
264 2548 507 2592 Tiridates:
541 2549 579 2590 ei
610 2562 795 2604 regnum
817 2548 1053 2591 Armeniae
1083 2547 1312 2589 confirmat
1341 2545 1577 2599 Macrinus,
1610 2550 1804 2597 matrem,
1838 2557 1970 2599 quam

235 2615 461 2660 Caracalla
500 2632 579 2674 per
619 2617 823 2659 undecim
863 2631 1034 2659 menses
1075 2617 1119 2657 in
1149 2613 1338 2657 vinculis
1379 2614 1641 2667 retinuerat,
1672 2612 1853 2654 remittit
1881 2610 1970 2654 Dio

235 2688 301 2737 78,
333 2690 391 2730 27
394 2720 404 2729 .
467 2686 613 2729 Filius
652 2687 837 2740 fortasse
876 2686 963 2740 fuit
999 2686 1112 2739 rngis
1150 2683 1453 2726 Armeniorum
1466 2716 1475 2733 ,
1521 2696 1641 2736 quem
1686 2683 1785 2723 teste
1829 2679 1971 2722 Dione

234 2758 301 2806 77,
333 2759 393 2800 12
427 2755 659 2800 Caracalla
699 2756 793 2799 dolo
834 2759 1078 2799 evocaverat
1117 2758 1157 2797 et
1194 2755 1379 2796 vinetum
1416 2753 1655 2795 retinuerat
1684 2750 1820 2806 (quem
1850 2749 1971 2792 Volo-

231 2839 399 2880 9aesem
438 2827 570 2880 fuisse
607 2829 886 2868 memoratum
926 2840 954 2868 a
993 2824 1135 2868 Dione
1167 2827 1231 2874 75,
1263 2827 1289 2866 9
1322 2825 1482 2878 putant
1511 2819 1733 2874 nonnulli).
1796 2819 1971 2860 Partem

236 2894 552 2952 Cappadociae,
596 2909 727 2951 quam
757 2901 883 2951 pater
912 2893 1178 2951 possederat,
1210 2898 1570 2948 recuperaturum
1600 2904 1646 2931 se
1677 2893 1834 2944 sperat,
1867 2887 1970 2928 item

236 2963 500 3019 stipendium
531 2978 725 3006 annuum
755 2979 780 3005 a
811 2963 1021 3005 Romanis
1052 2961 1141 3004 Dio
1165 2964 1232 3012 78,
1255 2964 1327 3004 27.

155 3043 230 3086 181
266 3043 507 3095 Tiridates,
551 3059 631 3086 rex
661 3043 917 3098 Armeniae,
961 3041 1078 3085 Galli
1110 3048 1152 3083 et
1180 3040 1408 3084 Volusiani
1446 3037 1714 3095 temporibus
1754 3051 1780 3078 a
1825 3036 1971 3077 Persis

239 3126 373 3167 regno
414 3114 576 3155 eiectus
617 3113 752 3166 (certe
786 3117 884 3168 post
916 3111 1006 3152 eius
1037 3109 1187 3164 fugam
1223 3109 1384 3150 Persae
1414 3106 1667 3150 Armeniam
1697 3103 1969 3157 tenuerunt)3

238 3181 362 3224 liberi
391 3182 482 3223 eius
504 3181 648 3223 Persis
670 3186 947 3223 accesserunt
969 3179 1128 3221 Zonar.
1152 3181 1223 3228 12,
1246 3181 1316 3220 21.
1348 3176 1491 3218 Aliter
1511 3173 1712 3216 Armenii
1728 3173 1970 3226 scriptores,

240 3252 314 3305 qui
359 3254 567 3301 narrant,
619 3250 840 3304 interfecto
882 3262 967 3303 per
1007 3247 1146 3290 dolum
1190 3246 1349 3289 Osrhoe
1388 3245 1473 3287 sive
1516 3242 1703 3286 chosroe
1739 3241 1974 3284 Armeniae

236 3333 344 3374 reye,
378 3319 629 3362 Armeniam
665 3333 693 3361 a
723 3318 870 3361 Persis
910 3330 995 3359 esse
1028 3329 1290 3371 possessam,
1328 3313 1528 3356 Ohosrois
1565 3311 1702 3367 filium
1734 3309 1969 3365 parvulum
