2242 3672
298 262 534 299 VOLOGAE
540 261 626 298 SVS
649 259 653 265 ⁴
1158 251 1241 294 478
1775 257 2101 295 VOLOGAESVS

383 394 492 436 idem
520 405 668 435 nomen
697 404 782 433 esse
810 389 975 432 videtwr
1004 389 1075 444 (cf.
1098 388 1305 444 Lanylois
1334 388 1429 431 coll.
1453 387 1524 431 des
1553 387 1650 431 hist.
1682 387 1732 431 de
1761 387 1912 431 l’Arm.
1933 387 1969 431 I
1980 403 2030 444 p.
2051 393 2104 434 66

381 464 465 503 not.
486 460 542 515 1),
579 459 778 514 Tiqranis
807 458 877 513 (cf.
909 471 1043 511 supra
1078 457 1117 499 T
1130 456 1224 511 151)
1255 456 1413 511 filium:
1444 470 1535 498 eum
1564 469 1761 511 reynasse
1791 457 1925 510 refert
1951 458 2105 512 viyinti

384 529 527 579 ann-is,
569 528 622 570 ab
663 541 773 569 anno
815 527 1022 568 tricesimo
1063 525 1196 568 altero
1238 525 1431 567 Valarsis
1470 525 1582 579 regis
1611 524 1844 567 Persarum
1877 538 2008 579 usque
2048 525 2107 569 ad

383 598 550 639 tertium
572 596 812 646 Artabani,
854 595 1096 637 successisse
1126 595 1166 636 ei
1194 594 1331 648 filium
1362 592 1599 644 Ohosroem,
1622 597 1794 648 patrem
1821 594 1961 636 sancti
1994 594 2105 638 Tiri-

382 665 493 707 datis
525 664 651 719 (Mos.
688 663 866 707 Choren.
898 663 961 706 II
983 676 1017 705 c.
1049 665 1112 705 65.
1149 665 1233 718 66),
1270 663 1324 716 cf.
1359 662 1596 704 Mommsen
1625 662 1680 704 R.
1712 661 1859 706 Gesch.
1892 662 1935 705 V
1947 677 1995 718 p.
2017 666 2103 707 407

381 736 465 776 not.
496 736 535 775 1.

297 803 378 844 635
410 801 704 856 Vologaesus,
738 816 815 842 rex
846 799 1106 842 Parthorum
1136 799 1403 856 temporibus
1435 798 1643 842 Antonini
1675 799 1744 842 Pii
1776 806 1818 842 et
1847 799 1906 842 M.
1936 798 2105 842 Aurelii

381 869 668 924 (Vologaesus
689 869 942 923 Hieronymi
962 868 1049 910 cod.
1070 868 1213 911 Berol.
1238 867 1407 922 aliique,
1439 867 1710 924 Οὐολόγαισος
1731 867 1833 919 Dio,
1860 866 2106 924 Βολόγαισος

380 938 578 988 Photius,
616 935 884 993 Οὐολόγεσος,
916 935 1196 994 Οὐολόγεσσος
1236 936 1395 979 codices
1425 937 1632 987 Iniciasni,
1671 934 1937 993 Βολόγαισος,
1974 935 2103 980 Βολο-

381 1010 560 1062 γαῖσσος,
604 1004 855 1063 Βολόγεσσος
884 1005 1056 1047 'codices
1084 1004 1305 1055 Aristidis,
1339 1003 1595 1061 Βολόγαισος,
1630 1003 1875 1062 Βολέγαισος
1901 1003 2104 1048 Constem-

381 1075 462 1117 tini
491 1074 687 1118 Manass.
719 1088 755 1116 v.
777 1077 918 1124 2224,
946 1073 1186 1131 3ὐλόγεσσος
1216 1073 1394 1128 Syncell.
1418 1088 1465 1128 p.
1491 1077 1581 1127 664,
1613 1076 1678 1124 15,
1714 1071 1909 1130 Βολογέσ-
1936 1073 2102 1125 Galen„

380 1143 620 1198 Vologesus
642 1142 876 1185 Frontonis
896 1156 1059 1197 maryo,
1081 1142 1323 1198 Vologesus
1348 1141 1412 1184 vel
1431 1157 1572 1184 -essus
1594 1142 1755 1185 codices
1788 1141 1940 1196 Orosii,
1973 1141 2104 1186 Volo-

377 1225 526 1266 gessus
556 1212 626 1253 vit.
660 1211 810 1253 Marci
835 1214 875 1261 8,
909 1213 965 1264 6).
1035 1211 1179 1254 Huius
1218 1224 1304 1254 esse
1342 1211 1537 1254 videntur
1576 1225 1627 1253 ew
1665 1211 1847 1254 nummis
1885 1211 2104 1266 inscriptis

380 1280 442 1335 (in
479 1280 595 1322 nullo
637 1283 775 1322 tamen
815 1294 983 1322 nummo
1022 1280 1243 1334 inscriptio
1276 1279 1410 1334 plena
1445 1292 1658 1334 superesse
1687 1278 1867 1336 videtur)
1908 1280 2103 1338 βασιλέως

379 1349 574 1406 βασιλέων
615 1346 803 1406 Ἀρσάκου
842 1347 1066 1406 Ὀλαγοίσου
1109 1347 1411 1405 colmanno]
1458 1349 1506 1391 in
1546 1362 1715 1390 nummo
1758 1340 1863 1390 anni
1906 1350 1991 1391 152
2034 1362 2103 1391 ex-

378 1418 513 1460 euntis
543 1417 642 1472 leqit
662 1418 895 1472 Lonye'rier
915 1432 963 1472 p.
991 1420 1078 1468 148,
1113 1416 1337 1474 Ὀλογάσου
1368 1417 1522 1472 leyitur
1550 1417 1597 1459 in
1625 1417 1840 1459 nonnullis
1870 1417 1984 1460 cusis
2001 1420 2104 1472 post

377 1499 535 1528 annum
560 1487 663 1540 182)
694 1487 842 1529 δικαίου
872 1486 1088 1543 ἐπιφάνους
1118 1486 1353 1543 φιλέλληνος
1392 1486 1431 1528 ei
1469 1486 1543 1539 qui
1574 1484 1811 1539 procedunt
1848 1486 1902 1528 ab
1946 1500 1988 1528 a.
2018 1485 2100 1531 Sel.

377 1556 459 1596 480
500 1567 641 1600 mens,
676 1553 764 1596 Dio
813 1554 940 1610 (Nov.
975 1554 1072 1609 148)
1119 1554 1178 1597 ad
1216 1569 1257 1597 a.
1289 1557 1376 1598 502
1420 1554 1486 1609 (p.
1524 1552 1628 1596 Chr.
1658 1553 1842 1608 190l1),
1895 1553 2103 1597 diversam

377 1622 529 1676 faciem
557 1623 668 1678 reyis
695 1622 933 1666 exhibentes
961 1624 1014 1666 ab
1047 1624 1371 1677 antiquioribus,
1411 1623 1464 1677 cf.
1497 1622 1634 1678 Percy
1659 1621 1859 1665 Gardner
1887 1621 2104 1666 Parthian

379 1691 550 1745 coinaye
570 1705 619 1745 p.
644 1694 712 1734 57.
742 1693 797 1734 58
827 1692 916 1746 (qui
947 1695 1087 1734 tamen
1122 1693 1210 1747 ipse
1249 1692 1411 1746 fatetur
1450 1691 1578 1734 etiam
1608 1705 1692 1746 per
1729 1690 1806 1734 hoc
1842 1691 2028 1746 spatium
2055 1692 2102 1735 in

379 1758 591 1802 drachmis
632 1759 808 1802 vultumv
829 1760 941 1814 reqis
978 1760 1130 1814 paullo
1175 1760 1302 1803 aliter
1340 1760 1574 1814 formatum
1614 1772 1699 1802 esse
1735 1762 1859 1813 atque
1895 1760 1943 1802 in
1973 1763 2101 1804 tetra-

377 1827 604 1880 drachmis)
616 1842 629 1879 ;
657 1831 704 1870 ut
732 1829 973 1882 reynaverit
1002 1829 1056 1871 ab
1089 1843 1201 1871 anno
1230 1829 1451 1871 minimum
1475 1830 1557 1870 148
1585 1841 1713 1882 usque
1745 1827 1803 1870 ad
1830 1842 1870 1870 a.
1892 1831 1985 1872 190.

463 1895 632 1939 Bellum
663 1904 814 1939 contra
843 1898 1060 1940 Romanos
1102 1898 1275 1954 paravit
1306 1898 1386 1940 sub
1418 1897 1496 1940 Pio
1528 1897 1618 1952 (sed
1647 1895 1821 1951 destitit)
1850 1897 1921 1939 vit.
1952 1896 2102 1941 Marci

378 1967 418 2014 8,
442 1968 467 2006 6
489 1964 753 2018 (Antoninus
774 1967 879 2008 Pius
903 1966 1163 2009 Parthorum
1189 1980 1336 2022 regem
1365 1966 1421 2008 ab
1441 1965 1746 2008 Armeniorum
1776 1966 2100 2022 expugnatione

373 2032 474 2075 solis
506 2033 659 2076 litteris
689 2035 878 2091 reppulit
906 2036 978 2078 vit.
1001 2035 1076 2077 Pii
1100 2038 1138 2086 9,
1169 2039 1206 2086 6,
1236 2036 1312 2078 ubi
1339 2049 1489 2078 nomen
1519 2035 1608 2077 eius
1635 2048 1719 2076 non
1740 2033 1954 2088 ponitur).
2004 2027 2100 2077 Ari-

377 2101 508 2143 stides
537 2102 800 2159 Smyrnaeus
836 2104 878 2144 in
912 2104 1078 2146 somnio
1120 2104 1203 2146 sibi
1234 2105 1354 2146 visus
1395 2109 1460 2145 est
1489 2102 1640 2144 videre
1670 2101 1964 2157 Vologaesum
1999 2117 2099 2145 cum

376 2169 595 2213 Antonino
628 2173 794 2214 seniore
833 2173 1091 2228 imperatore
1131 2172 1337 2227 congredi
1369 2178 1410 2213 et
1439 2186 1591 2227 pacem
1622 2185 1720 2212 cum
1751 2185 1800 2212 eo
1831 2170 1962 2212 ferire
1992 2171 2098 2214 Ari-

378 2239 505 2281 stides
550 2254 608 2283 or.
654 2240 834 2283 XXIII
870 2239 948 2293 (ed.
995 2239 1196 2294 Dindorf
1227 2241 1262 2283 I
1283 2255 1331 2295 p.
1361 2240 1486 2294 545),·
1530 2238 1641 2281 male
1686 2253 1736 2281 ex
1772 2238 1848 2281 hoc
1890 2238 2100 2283 Aristidis

383 2308 542 2349 somnio
582 2308 868 2363 Waddinyton
905 2310 1123 2352 memoires
1161 2309 1210 2351 de
1251 2308 1493 2351 l’acade'mie
1532 2307 1602 2350 des
1641 2307 1767 2351 inscr.
1799 2310 1868 2358 26,
1901 2311 1948 2358 1,
1989 2310 2101 2351 1867

371 2389 416 2428 p.
439 2379 527 2418 260
557 2376 721 2431 colleyit
748 2376 876 2419 Pium
898 2392 937 2419 a.
958 2380 1038 2420 155
1068 2391 1160 2420 cum
1192 2377 1418 2431 Voloyaeso
1443 2390 1529 2419 esse
1552 2388 1827 2430 conyressum.
1878 2375 2097 2420 Defuncto

376 2444 453 2485 Pio
500 2443 657 2486 bellum
698 2445 842 2488 intulit
879 2445 1082 2488 Romanis
1125 2447 1196 2488 vit.
1241 2446 1391 2488 Marci
1427 2448 1467 2496 8,
1507 2448 1544 2494 6,
1591 2443 1678 2486 Dio
1710 2447 1775 2494 71,
1812 2447 1844 2487 2
1857 2477 1867 2499 ,
1915 2445 2097 2488 Dueiwn.

377 2526 510 2565 quom.
551 2513 646 2555 hist.
687 2523 844 2558 consor.
884 2518 949 2556 14.
1022 2515 1314 2556 Romanorum
1358 2514 1465 2556 fines
1506 2513 1666 2555 invasit
1703 2512 1916 2554 Eusebius
1955 2512 2097 2556 chron.

375 2580 432 2621 ad
471 2595 510 2624 a.
539 2584 650 2623 2179
695 2584 813 2636 (vers.
849 2582 995 2633 Arm.‚
1038 2583 1309 2637 Hieronym„
1352 2582 1567 2637 Syncellus
1598 2596 1647 2636 p.
1677 2580 1788 2635 664).
1847 2580 2097 2623 Armeniam

377 2647 696 2704 Cappadociam
718 2649 975 2707 Syriamque
1006 2653 1196 2694 vastavit
1225 2651 1345 2695 Oros.
1370 2655 1406 2702 7,
1424 2653 1489 2701 15,
1506 2654 1549 2701 2,
1581 2650 1626 2692 in
1646 2648 1854 2692 Armenia
1883 2648 2096 2704 legionem

376 2716 613 2758 Romanam
653 2732 750 2759 cum
789 2718 1025 2762 Severiano
1065 2720 1206 2774 legato
1244 2719 1408 2762 delevit
1440 2718 1529 2761 Dio
1566 2722 1616 2761 71
1628 2752 1638 2768 ,
1675 2721 1707 2761 2
1742 2717 1815 2771 (cf.
1850 2730 1983 2772 supra
2018 2718 2094 2761 sub

376 2783 632 2840 Severiano).
695 2787 987 2830 Incursionem
1026 2788 1246 2843 Voloyaesi
1280 2789 1325 2830 in
1355 2788 1605 2843 provincias
1632 2786 1853 2828 Romanas
1891 2789 2098 2828 memorat

376 2854 501 2894 etiam
533 2853 676 2896 Moses
702 2854 983 2898 Chorenensis
1012 2857 1073 2899 II
1096 2871 1129 2899 c.
1161 2860 1234 2907 64,
1278 2856 1436 2899 addens
1475 2870 1566 2898 eum
1602 2855 1699 2898 inde
1729 2869 1779 2897 ex
1809 2853 1885 2896 hoc
1916 2857 2096 2908 tempore

375 2921 633 2974 appellatum
659 2935 744 2964 esse
764 2923 983 2974 Berosum,
1017 2938 1108 2966 cum
1141 2928 1289 2967 contra
1317 2923 1480 2967 Graece
1511 2922 1799 2978 appellaretur
1820 2921 2096 2976 Voloyaesus,·

374 2989 574 3041 quomodo
607 3004 634 3031 a
664 2990 808 3033 Persis
839 2991 1050 3046 (Parthis)
1083 2993 1316 3047 appelletur
1356 2993 1434 3048 (vel
1473 2991 1712 3046 appellatus
1740 2989 1812 3042 sit)
1841 3003 1885 3032 se
1913 2991 2073 3033 nescire
2081 3004 2096 3042 ;

376 3057 548 3099 eundem
578 3061 716 3100 tamen
735 3062 783 3100 ut
801 3059 965 3101 videtur
976 3060 1227 3114 procedente
1249 3061 1438 3103 oratione
1460 3059 1647 3114 appellat
1667 3059 1898 3101 Valarsem.
1941 3058 2094 3101 Victus

376 3123 507 3166 ductu
535 3126 585 3167 L.
614 3126 717 3167 Veri
749 3127 1009 3169 lamblichus
1040 3128 1306 3182 Babylonius
1338 3143 1406 3182 ap.
1428 3128 1629 3170 Photium
1659 3126 1758 3170 bibl.
1784 3126 1873 3169 cod.
1895 3129 1949 3169 94
1969 3141 2018 3181 p.
2038 3129 2094 3170 75

375 3191 553 3243 Behher,
583 3193 670 3236 Dio
691 3197 756 3248 70,
779 3198 821 3237 2.
846 3198 910 3245 71,
927 3199 970 3245 2,
1003 3195 1105 3239 Vict.
1131 3196 1249 3238 Caes.
1267 3200 1333 3247 16,
1349 3201 1388 3247 4,
1412 3195 1552 3239 Const.
1571 3196 1768 3238 Manass.
1789 3208 1826 3237 v.
1844 3197 1970 3238 2222
1987 3207 2095 3248 seq.;

375 3260 428 3312 cf.
458 3259 646 3302 Galenus
677 3262 802 3304 XIV
820 3278 868 3316 p.
891 3266 974 3305 647
1003 3264 1172 3306 Kuehn.
1233 3265 1370 3318 Regia
1410 3265 1500 3306 eius
1537 3263 1817 3319 Ctesiphonte
1857 3261 1998 3304 deleta
2035 3261 2091 3304 ab

378 3326 532 3368 Avidio
555 3327 704 3370 Cassio
726 3328 813 3371 Dio
837 3333 899 3380 71,
922 3334 965 3373 2.
1003 3331 1268 3373 Memoratur
1287 3332 1469 3374 Dacian.
1491 3345 1625 3386 quom.
1647 3330 1743 3373 hist.
1766 3343 1922 3373 consor.
1939 3331 2005 3372 19.
2022 3331 2088 3371 31.
