2242 3672
122 270 391 308 VITELLIVS
995 268 1080 311 449
1673 277 1940 314 VITELLIVS

122 403 206 447 496
235 400 453 458 Vitellius,
485 408 636 445 auctor
657 403 786 447 iuris:
822 404 893 447 ‘ad
914 405 1154 449 Vitellium’
1181 407 1313 451 libros
1337 409 1603 465 scripserunt
1623 415 1666 452 et
1686 409 1940 466 (Masurius)

209 470 412 528 Sabinus,
435 486 546 529 quos
567 471 862 515 adhibuerunt
880 473 1095 528 Ulpianus
1116 475 1236 531 (Diy.
1253 480 1324 528 32,
1348 481 1414 520 45.
1439 481 1506 529 33,
1526 481 1563 530 7,
1580 481 1620 521 8.
1641 481 1708 529 33,
1728 482 1764 529 7,
1782 482 1853 530 12,
1874 482 1939 522 15.

203 543 270 591 33,
293 544 332 592 9,
352 544 392 584 3.
422 543 488 592 34,
511 544 554 592 2,
577 543 644 591 19,
668 543 738 595 17)
771 545 810 583 et
845 542 1141 597 Tryphoninus
1172 544 1293 600 (Diq.
1319 549 1384 596 34,
1408 550 1446 597 9,
1469 549 1561 600 22),
1595 553 1638 589 et
1668 547 1828 590 Paulus
1851 548 1940 591 ind.

204 608 308 665 Diy.
329 609 473 662 Flora,
495 609 599 665 Diy.
622 612 659 661 7,
682 613 719 661 1,
742 613 788 662 1,·
817 613 870 653 50
891 615 964 654 cet.
994 615 1065 663 32,
1086 616 1164 665 46;
1192 616 1261 657 78.
1291 618 1356 665 33,
1381 618 1418 666 7,
1441 619 1517 667 14,·
1542 619 1597 658 18
1618 619 1691 659 cet.
1747 616 1938 660 ‘Cassius

114 708 118 711 -
205 677 324 736 apud
354 678 580 722 Vitellium
609 685 746 721 notat'
779 677 953 734 Ulpian.
987 680 1107 736 (Dia.
1128 685 1194 733 33,
1219 686 1255 733 7,
1279 686 1349 734 12,
1371 687 1460 739 27).
1519 683 1586 739 Cf.
1618 685 1749 728 Lenel
1768 686 1938 741 paliny.

204 747 314 791 iuris
345 748 420 790 civ.
452 748 487 791 I
508 751 617 791 1301
637 761 717 802 369.
749 748 812 791 ΙΙ
833 751 916 791 189
935 762 1018 803 seq.
1049 753 1180 793 1223.
1239 751 1447 806 Aequalis
1482 754 1572 807 fere
1611 754 1777 796 videtur
1805 755 1939 809 fuisse

203 816 430 869 Labeonis,
459 818 514 872 cf.
543 818 719 873 Krayer
746 817 896 863 Gesch.
930 818 1004 861 der
1031 819 1203 873 Quellen
1231 835 1272 863 u.
1304 822 1545 865 Litteratur
1575 823 1613 867 d.
1644 828 1749 866 ro'm.
1780 824 1938 867 Rechts

198 900 248 941 p.
278 889 371 929 146.
437 885 578 929 Plane
616 887 823 929 incertum
861 900 963 929 num
1003 887 1114 930 idem
1149 888 1201 932 P.
1235 889 1427 932 Vitellius
1460 895 1721 945 procurator
1751 892 1939 948 Auyusti

203 955 342 1012 (infra
370 969 412 998 n.
441 957 555 1012 503).

116 1024 200 1068 497
230 1031 278 1067 A.
309 1030 576 1067 VITELLIVS
619 1025 668 1068 P.
701 1023 867 1067 Vitellii
908 1027 1203 1081 procuratoris
1244 1027 1431 1082 Augusti
1472 1028 1586 1071 filius
1630 1029 1746 1072 Suet.
1779 1029 1860 1072 Vit.
1890 1035 1934 1076 2.

203 1092 296 1136 Aut
321 1092 425 1135 huic
453 1099 531 1136 aut
550 1093 602 1136 L.
625 1093 803 1136 Vitellio
826 1109 864 1136 a.
886 1109 926 1150 p.
950 1093 1052 1137 Chr.
1076 1096 1127 1137 31
1154 1095 1203 1138 P.
1225 1096 1428 1140 Vitellius
1454 1098 1601 1150 frater,
1628 1099 1936 1142 coniurationis

203 1177 302 1205 cum
329 1162 487 1206 Seiano
528 1169 778 1217 accusatuS,
821 1163 866 1205 in
898 1163 1137 1207 custodiam
1169 1164 1296 1207 datus
1328 1166 1443 1209 Suet.
1477 1167 1503 1209 l.
1536 1181 1584 1217 c.,
1622 1168 1719 1211 Tac.
1753 1181 1791 1211 a.
1823 1170 1862 1218 5,
1894 1170 1934 1211 8.

202 1230 367 1275 Consul
406 1231 614 1274 suffectus
655 1246 692 1274 a.
724 1246 766 1288 p.
800 1230 901 1274 Chr.
935 1232 990 1274 32
1032 1247 1087 1274 ex
1126 1232 1170 1275 k.
1210 1233 1292 1277 Iul.
1333 1235 1442 1288 fasti
1478 1235 1644 1278 Nolani
1683 1234 1750 1288 (X
1782 1239 1936 1288 1233),·

201 1300 310 1355 fasti
337 1301 467 1354 fratr.
487 1299 591 1342 Arv.
623 1297 754 1356 (CIL.
785 1301 820 1343 I
841 1300 902 1343 ed.
933 1304 966 1344 2
987 1316 1034 1355 p.
1059 1301 1140 1357 71),
1174 1317 1272 1345 cum
1303 1302 1382 1346 Cn.
1415 1304 1607 1347 Domitio
1638 1303 1931 1347 Ahenobarbo

201 1369 319 1413 Suet.
352 1369 379 1412 l.
410 1383 442 1412 c.
504 1368 626 1412 Obiit
655 1370 700 1411 in
732 1369 958 1412 consulatu
989 1369 1102 1414 Suet.
1163 1371 1432 1427 Praelautus,
1462 1372 1740 1430 famosusque
1768 1375 1934 1429 magni-

200 1437 377 1481 ficentia
412 1453 620 1481 cenarum
649 1439 706 1483 ib.
765 1438 971 1482 Fortasse
1000 1439 1127 1483 huius
1156 1441 1210 1484 A.
1232 1441 1398 1484 Vitellii
1426 1442 1625 1485 cellarius
1652 1442 1721 1485 VI
1731 1446 1856 1486 9248.
1876 1467 1934 1473 -—

202 1506 425 1551 Nescimus
458 1522 637 1563 quorum
677 1508 734 1564 Get
775 1508 891 1564 quot)
937 1523 988 1552 ex
1021 1509 1088 1552 his
1134 1510 1315 1554 Vitelliis
1359 1511 1635 1554 Vitelliorum
1679 1510 1843 1554 familia
1892 1518 1935 1554 et

196 1574 354 1628 liberti,
382 1576 439 1619 ad
464 1591 648 1634 quorum
679 1577 925 1634 sepulcrum
956 1579 1166 1635 pertinuit
1196 1579 1264 1622 VI
1284 1583 1408 1624 9321.

113 1644 198 1687 498
229 1652 277 1687 A.
301 1651 571 1688 VITELLIVS
602 1645 656 1689 A.
686 1645 729 1701 f.,
762 1645 931 1701 legatus
962 1661 1040 1703 pro
1072 1663 1137 1705 pr.
1159 1648 1227 1690 Ti.
1251 1647 1449 1692 Caesaris
1473 1648 1661 1705 Augusti
1692 1652 1720 1692 t.
1742 1649 1933 1692 urbanus

199 1713 269 1757 VI
275 1716 372 1758 879.
418 1714 626 1758 Diversus
646 1715 813 1758 videtur
833 1717 888 1759 ab
910 1730 956 1759 eo
977 1717 1052 1771 qui
1072 1717 1308 1772 praecedit,
1321 1721 1502 1773 propter
1513 1732 1774 1772 praenomen
1787 1719 1934 1772 patris

198 1783 353 1839 (filium
374 1784 463 1826 eius
479 1784 553 1838 qui
563 1784 787 1839 praecedit
805 1785 938 1839 fuisse
960 1786 1137 1828 coniecit
1154 1786 1393 1829 Mommsen
1409 1786 1467 1829 ad
1486 1786 1556 1829 VI
1566 1789 1662 1838 879,
1680 1801 1932 1841 quamquam

196 1852 352 1895 mirum
380 1853 449 1904 sit,
481 1853 537 1896 A.
571 1852 737 1897 Vitellio
769 1854 932 1897 consuli
958 1869 998 1897 a.
1019 1858 1079 1899 32
1107 1855 1240 1910 fuisse
1269 1856 1407 1912 silium
1437 1857 1501 1899 ita
1527 1856 1730 1906 adultum,
1762 1859 1811 1898 ut
1835 1859 1932 1899 ante

199 1935 238 1964 a.
267 1924 327 1964 37
355 1921 485 1977 leyati
505 1937 591 1977 pro
613 1926 818 1978 praetore
846 1938 1016 1966 munere
1045 1925 1170 1979 funyi
1194 1925 1422 1980 potuerit),·
1461 1926 1548 1968 nisi
1583 1926 1694 1979 forte
1732 1925 1841 1967 idem
1871 1928 1931 1967 est

196 1990 272 2046 qui
298 1991 547 2045 praecedit,
589 1991 707 2047 apud
744 1992 996 2036 Suetonium
1038 1996 1176 2035 autem
1216 2008 1339 2037 error
1376 1994 1421 2036 in
1452 1994 1734 2048 praenomine
1772 1993 1932 2036 Vitellii

189 2060 494 2114 procuratoris
522 2059 721 2115 Augusti,
756 2061 810 2115 cf.
842 2061 966 2115 infra
994 2075 1036 2104 n.
1059 2064 1150 2105 503.

111 2129 195 2170 499
224 2136 272 2171 A.
302 2135 569 2171 VITELLIVS
602 2129 837 2186 imperator
868 2130 972 2186 ([A.]
1004 2129 1209 2173 Viteilius
1239 2131 1443 2173 scribitur
1471 2131 1517 2173 in
1548 2134 1575 2173 t.
1607 2130 1929 2174 Samothracico

195 2197 285 2241 III
308 2198 354 2243 S.
387 2201 553 2250 12321;
579 2198 705 2246 Ὢλος
735 2200 844 2244 Οὐιτ.
874 2201 1039 2242 nummi
1066 2200 1366 2251 Alexandrini,
1400 2201 1454 2254 cf.
1486 2201 1638 2254 infra).
1689 2201 1739 2243 L.
1762 2200 1928 2243 Vitellii

196 2267 254 2323 (n.
274 2269 373 2324 500)
405 2273 448 2310 et
469 2266 680 2311 Sextiliae
710 2268 824 2311 filius
851 2268 968 2314 Suet.
1003 2269 1082 2313 Vit.
1104 2272 1142 2324 3,
1176 2270 1365 2311 Luceria
1395 2269 1635 2324 (Nuceria‘ss
1665 2269 1718 2323 cf.
1740 2267 1854 2311 Suet.
1877 2269 1929 2323 2),

195 2333 405 2379 oriundus
429 2336 531 2379 Tac.
553 2336 593 2379 h.
614 2340 654 2388 3,
675 2339 743 2389 86,
774 2344 901 2380 natus
934 2353 971 2380 a.
1006 2339 1058 2381 15
1092 2337 1208 2381 Suet.
1238 2341 1266 2379 3
1296 2337 1422 2393 (idem
1453 2337 1645 2380 indicant
1672 2336 1762 2380 Dio
1791 2337 1926 2392 Xiph.

194 2407 258 2455 65,
287 2408 362 2455 22,
395 2405 555 2450 Zonar.
578 2409 645 2457 11,
667 2409 733 2457 16,
767 2421 891 2461 eoque
923 2406 1037 2449 ducit
1065 2407 1192 2449 etiam
1224 2419 1360 2448 annus
1391 2406 1657 2457 consulatus,·
1688 2420 1846 2448 annum
1868 2409 1927 2450 12

193 2473 388 2516 indicant
416 2474 505 2528 ipse
535 2473 652 2518 Suet.
685 2478 760 2526 18,
805 2476 903 2518 Tac.
933 2475 972 2517 h.
1001 2478 1040 2526 3,
1074 2478 1149 2526 86,
1182 2475 1364 2529 Eutrop.
1398 2478 1435 2525 7,
1469 2476 1536 2525 18,
1580 2474 1720 2517 Victor
1748 2474 1866 2517 Caes.
1897 2477 1925 2517 8

194 2542 292 2597 epit.
312 2542 369 2597 8),
398 2542 510 2586 VIII
531 2543 618 2587 kal.
642 2543 737 2589 Oct.
761 2545 835 2598 (24
858 2544 995 2601 Sept.)
1025 2543 1097 2586 vel
1117 2550 1165 2586 ut
1185 2544 1361 2600 quidam
1385 2543 1473 2585 VII
1493 2543 1550 2585 id.
1574 2543 1691 2600 Sept.
1720 2543 1763 2597 (7
1787 2543 1924 2600 Sept.)

192 2610 306 2654 Suet.
338 2611 464 2667 (diem
493 2615 551 2655 24
583 2612 698 2667 Sept.
730 2613 894 2656 indicat
923 2615 1051 2656 etiam
1082 2613 1241 2656 Zonar.
1263 2616 1328 2663 11,
1351 2615 1404 2654 16
1432 2625 1621 2654 narrans
1649 2612 1802 2654 vixisse
1832 2626 1925 2654 eum

192 2680 454 2724 LXXXIX
467 2681 556 2724 dies
570 2695 704 2736 supra
719 2682 838 2725 LIV
848 2682 1011 2737 annos).
1038 2682 1275 2724 Pueritiam
1296 2682 1569 2737 primamque
1585 2679 1923 2723 adulescentiam

194 2749 374 2806 Capreis
414 2751 504 2805 egit
542 2751 654 2794 inter
684 2750 919 2794 Tiberiana
959 2758 1101 2793 scorta
1130 2750 1245 2794 Suet.
1273 2753 1302 2792 3
1332 2750 1386 2803 cf.
1417 2748 1506 2792 Dio
1533 2752 1597 2800 64,
1628 2753 1668 2792 4.
1731 2749 1815 2793 Gai
1846 2764 1924 2806 per

192 2818 443 2873 aurigandi,
486 2818 669 2862 Claudio
711 2835 789 2876 per
829 2819 949 2862 aleae
990 2819 1183 2861 studium
1224 2817 1450 2860 familiaris
1491 2820 1601 2860 Suet.
1641 2821 1669 2860 4
1713 2817 1923 2872 (Venetae

192 2886 392 2930 factionis
423 2888 607 2944 cupidus
639 2888 755 2932 Suet.
791 2892 827 2940 7,
851 2892 904 2931 14
934 2889 987 2942 cf.
1020 2887 1108 2930 Dio
1138 2890 1203 2938 65,
1234 2888 1291 2941 5).
1351 2887 1495 2928 Etiam
1525 2886 1686 2929 Neroni
1719 2894 1922 2944 acceptus

193 2955 309 2999 Suet.
330 2959 369 3001 4.
416 2955 582 3000 Consul
604 2957 696 3000 ord.
720 2973 758 3000 a.
781 2958 834 3000 48
857 2972 951 2999 cum
976 2957 1026 3000 L.
1049 2957 1260 3012 Vipstano
1284 2954 1504 2997 Poblicola
1524 2956 1632 3010 fasti
1639 2969 1653 3007 ,·
1674 2956 1729 3010 cf.
1747 2955 1864 2999 Suet.
1880 2959 1920 2999 3.

193 3024 458 3067 Sacerdotiis
474 3025 749 3082 amplissimis
766 3032 920 3068 auctus
933 3025 1049 3067 Suet.
1061 3027 1099 3075 5,
1124 3024 1323 3074 Tamis,
1336 3026 1402 3067 86.
1426 3023 1775 3079 (Quindecimvir
1789 3026 1921 3066 sacris

190 3092 406 3135 faciundis
435 3095 599 3136 nummi
628 3109 696 3149 ap.
729 3094 891 3137 Eclsliel
911 3097 947 3144 6,
968 3096 1062 3144 316,
1092 3091 1229 3136 Colien
1255 3092 1316 3135 ed.
1343 3096 1374 3136 2
1406 3096 1434 3135 t.
1462 3093 1497 3135 I
1510 3107 1559 3146 p.
1575 3095 1655 3136 365
1679 3107 1720 3135 n.
1742 3097 1822 3135 110
1838 3107 1919 3149 369.

192 3161 280 3205 Sed
306 3161 373 3204 his
401 3163 584 3205 nummis
609 3177 694 3205 non
725 3166 882 3205 certum
906 3166 967 3204 est
995 3162 1236 3217 siqnificari
1261 3160 1541 3204 sacerdotium
1572 3164 1669 3204 ante
1699 3162 1920 3217 imperium

191 3232 460 3289 susceptum).
520 3233 676 3274 Frater
707 3231 907 3284 Arvalis3
950 3231 1073 3273 adest
1113 3232 1158 3272 in
1193 3230 1372 3285 collegio
1404 3246 1440 3272 a.
1474 3230 1543 3273 57.
1575 3231 1642 3272 58.
1671 3230 1725 3272 59
1757 3230 1920 3285 (mense

191 3299 323 3354 Dec.,
367 3300 444 3342 sed
480 3301 634 3344 aberat
673 3316 710 3344 a.
743 3302 797 3343 58
839 3315 972 3343 mens,
1004 3300 1115 3342 Nov.
1157 3300 1263 3342 Dec.
1306 3306 1350 3341 et
1388 3313 1467 3355 per
1506 3300 1711 3341 maiorem
1752 3306 1919 3356 partem

191 3368 292 3410 anni
324 3368 398 3423 59)
442 3376 573 3426 atque
614 3370 741 3411 etiam
778 3383 925 3411 mense
961 3369 1054 3411 Ian.
1085 3369 1141 3411 60
1182 3371 1262 3412 act.
1293 3367 1398 3410 Arv.
1465 3367 1704 3410 Proconsul
1742 3367 1919 3411 Africae

179 3441 464 3478 Prosopographia
483 3443 565 3478 Imp.
582 3442 676 3470 Rom.
712 3441 775 3472 111.
1600 3435 1644 3471 29
