2242 3672
321 270 576 307 VERANIVS
1186 257 1270 300 400
1301 278 1303 280 ’
1852 261 2123 301 VERGILIVS

413 402 510 445 Tac.
531 400 637 454 ΑΨ.
660 401 733 449 14;
762 397 968 438 successit
991 396 1029 436 ei
1054 394 1285 437 Suetonius
1307 392 1534 435 Paullinus
1555 394 1613 436 ib.
1673 393 1850 437 Videtur
1868 394 2129 438 Britanniae

402 469 675 526 praepositus
710 479 795 507 esse
825 479 863 506 a.
892 465 1002 514 58s9‚
1045 476 1138 505 eum
1176 475 1388 504 successor
1426 462 1516 504 eius
1544 461 1826 505 Britanniam
1857 464 2018 507 rexerit
2046 477 2129 519 per

409 542 491 580 tres
523 548 655 578 annos
683 547 812 587 usque
844 531 901 574 ad
925 546 965 573 a.
988 534 1054 573 61.
1077 555 1135 562 ——-
1154 530 1312 585 Augur
1342 533 1370 573 t.
1392 533 1432 574 1.
1455 555 1507 561 —
1528 530 1660 573 Pater
1678 531 1896 574 Veraniae
1917 531 2128 576 Geminae

402 606 571 648 Pisonis
603 606 631 644 t.
657 605 696 644 1.

322 673 403 715 267
435 672 649 714 Veranius
679 669 885 724 Flaccus,
927 668 1132 725 scriptor,
1172 669 1248 724 qui
1287 668 1442 725 priscis
1476 667 1546 711 vel
1581 668 1816 712 reconditis
1845 667 1994 711 verbis
2024 683 2128 712 usus

408 756 502 783 esse
531 740 704 782 videtur
735 739 852 783 Suet.
881 737 993 792 Auy.
1025 740 1090 781 86.
1152 736 1220 792 Of.
1250 751 1383 793 supra
1411 738 1488 780 sub
1521 737 1702 781 Veranio
1731 738 1788 794 (n.
1819 737 1933 789 264).

321 812 402 853 268
432 814 658 851 VERANIA
689 812 887 849 GEMINA
922 807 998 862 (sic
1029 809 1057 848 t.
1088 806 1290 857 urbanus,
1324 807 1516 849 Verania
1546 807 1646 849 Tae.
1678 806 1805 858 Plin.,
1838 806 2032 864 Οὐρανίου
2066 807 2130 851 vel

405 878 626 935 Οὐκρανίου
658 890 743 930 pro
780 876 987 931 Οὐηρανία
1029 874 1216 917 traditur
1253 874 1316 918 vel
1352 878 1461 917 certe
1500 874 1601 918 olim
1644 875 1846 918 edebatur
1879 889 1949 931 ap.
1980 874 2128 931 Plut),

406 946 457 999 Q.
480 945 643 988 Verani
671 942 869 997 consulis,
892 944 1071 997 auguris
1093 943 1242 998 (supra
1259 957 1301 987 n.
1324 943 1424 998 266)
1446 942 1534 985 filia
1554 946 1582 986 t.
1602 944 1807 995 urbanus,
1829 944 1880 987 L.
1901 943 2130 1002 Calpurnii

405 1014 574 1056 Pisonis
618 1013 755 1067 Frugi
800 1012 1016 1054 Liciniani
1062 1011 1172 1066 (eius
1218 1026 1349 1068 quem
1391 1011 1534 1055 Galba
1573 1011 1798 1068 adoptavit
1837 1011 1979 1068 Plin.)
2018 1026 2131 1055 uxor

405 1086 432 1124 t.
461 1082 651 1124 urbanus
686 1081 754 1123 VI
774 1083 915 1123 31723
943 1099 1000 1114 =
1029 1078 1199 1122 Dessau
1227 1080 1356 1122 inser.
1386 1079 1460 1123 sel.
1493 1083 1590 1131 240,
1636 1080 1734 1124 Tac.
1765 1080 1806 1123 h.
1833 1084 1872 1132 1,
1902 1084 1970 1133 47,
2011 1079 2128 1125 Ptut.

403 1150 528 1193 Galb.
559 1152 629 1200 28,
662 1149 781 1192 Plin.
812 1164 874 1203 ep.
905 1152 947 1200 2,
980 1152 1051 1200 20,
1081 1152 1120 1192 1.
1180 1149 1233 1191 Α.
1267 1150 1322 1192 69
1362 1150 1506 1192 mariti
1546 1150 1675 1192 occisi
1720 1156 1851 1206 caput
1889 1150 2132 1207 composuit

410 1220 508 1262 Tae.
540 1218 566 1261 l.
599 1232 655 1269 0.,
696 1217 814 1260 Plut.
846 1218 871 1260 l.
907 1231 940 1260 e.
1001 1217 1218 1272 Aegrotae
1255 1219 1347 1260 eius
1381 1217 1667 1261 hereditatem
1701 1217 1905 1275 captabat
1930 1217 2130 1275 Aquilius

405 1286 596 1342 Regulus
628 1285 743 1328 Plin.
777 1286 802 1330 l.
831 1300 864 1328 c.
919 1285 1105 1345 ‘Sepulta
1135 1300 1222 1328 una
1252 1300 1350 1328 eum
1381 1287 1537 1328 marito
1570 1289 1597 1330 t.
1628 1286 1832 1331 urbanus

332 1381 389 1385 -—
431 1362 484 1398 M.
517 1361 656 1397 SEIVS
688 1360 935 1396 VERANVS.

332 1449 389 1454 —-
434 1424 697 1466 Pescennius
728 1423 1001 1468 Veratianus.

318 1494 400 1536 269
430 1500 475 1535 L.
505 1498 756 1534 VERATIVS
789 1498 1085 1543 QVADRATVS
1128 1491 1204 1545 (sic
1245 1496 1326 1535 aet.
1357 1492 1462 1535 Arv.
1494 1493 1684 1548 passim,
1716 1493 1842 1536 semel
1865 1507 2130 1549 praenomen

404 1563 454 1604 T.
477 1576 562 1617 pro
591 1561 657 1612 L„
691 1561 758 1604 VI
779 1564 905 1612 2059,
933 1564 990 1617 5),
1031 1561 1165 1604 frater
1194 1560 1369 1604 Arvalis
1400 1567 1515 1604 certe
1545 1562 1646 1604 inde
1686 1562 1741 1605 ab
1781 1577 1894 1605 anno
1925 1563 1992 1618 77,
2011 1577 2131 1623 Ῥω·

405 1630 611 1684 magister
641 1645 680 1673 a.
713 1630 765 1672 78
798 1636 841 1671 et
870 1645 908 1671 a.
940 1630 1007 1685 86,
1049 1629 1207 1672 flamen
1237 1631 1483 1673 nominatus
1513 1646 1551 1674 a.
1586 1631 1638 1673 78
1671 1637 1714 1673 et
1741 1646 1779 1674 a.
1812 1631 1879 1686 89,
1921 1631 2045 1677 adest
2082 1633 2128 1675 in

405 1697 585 1752 collegio
625 1703 850 1753 praeterea
887 1713 926 1740 a.
967 1699 1131 1740 incerto
1162 1698 1443 1755 Vespasiani,
1476 1714 1514 1741 a.
1548 1699 1617 1742 80.
1646 1699 1714 1743 81.
1746 1699 1816 1742 87.
1847 1700 1914 1755 90,
1955 1700 2058 1743 item
2087 1715 2127 1744 a.

404 1766 568 1806 incerto
599 1765 858 1820 Domitiani,
900 1767 1107 1821 magister
1146 1768 1303 1809 iterum
1338 1782 1375 1810 a.
1408 1768 1460 1810 91
1494 1770 1576 1810 act.
1606 1766 1711 1811 Arv.
1768 1766 1963 1823 (Colleya
1991 1768 2132 1814 Plotia·
2222 1791 2242 1832 ,2-

403 1833 543 1888 Grypi
569 1834 615 1876 in
646 1834 866 1876 consulatu
895 1848 1032 1878 mense
1051 1835 1162 1890 Apr.
1183 1838 1250 1891 88,
1284 1836 1357 1890 qui
1385 1839 1644 1879 memoratur
1667 1839 1747 1880 act.
1773 1836 1879 1880 Arv.
1911 1836 1980 1880 VI
1990 1836 2129 1881 2065⁶

403 1915 439 1943 v.
474 1904 536 1952 65,
578 1916 663 1945 non
700 1902 768 1945 hic
801 1903 964 1946 videtur
993 1904 1124 1958 fuisse
1153 1904 1240 1947 sed
1254 1905 1306 1947 L.
1340 1904 1562 1947 Minucius
1590 1904 1766 1962 Rufus).

320 1970 402 2012 270
432 1970 592 2023 VeraX,
617 1986 764 2014 sorore
787 1962 946 2025 'Civilis
961 1973 1148 2028 genitus,
1180 1988 1218 2015 a.
1242 1973 1296 2016 70
1332 1980 1476 2016 castra
1503 1973 1701 2017 Romana
1725 1974 1902 2017 adortus
1930 1973 2128 2019 funditur
2183 1998 2186 1999 ⁷

409 2038 507 2082 Tac.
527 2039 568 2083 h.
589 2042 627 2091 5,
650 2043 721 2091 20,
743 2044 812 2083 21.

334 2131 385 2136 -
432 2106 479 2150 C.
511 2107 647 2150 Iulius
678 2109 1137 2153 Vercondaridubnus.
2069 2148 2070 2152 ,
2122 2150 2125 2151 ⁷
2202 2150 2236 2175 ὲ

320 2175 396 2218 271
431 2176 673 2219 Verconius
704 2177 894 2221 Turinus
925 2179 1002 2234 (sic
1023 2193 1055 2223 c.
1076 2182 1141 2231 35,
1173 2181 1363 2223 Turinus
1393 2181 1564 2235 saepius
1593 2194 1626 2224 c.
1647 2184 1714 2232 36,
1743 2181 1870 2225 semel
1886 2181 2127 2238 Turrinus;

404 2244 648 2287 Thrurinus
680 2246 868 2288 traditur
898 2261 931 2292 c.
965 2247 1046 2303 67),
1078 2264 1105 2291 a
1135 2248 1299 2292 Severo
1327 2248 1603 2305 Alexandro,
1636 2249 1753 2307 quod
1781 2249 1949 2293 fumum
1977 2249 2128 2294 vendi·

406 2312 551 2368 disset,
583 2314 702 2356 fumo
734 2321 913 2358 necatus
942 2317 1014 2361 vit.
1044 2316 1169 2360 Alex.
1199 2320 1265 2361 35.
1295 2321 1360 2361 36.
1393 2321 1458 2363 67.

345 2406 389 2411 -
432 2381 673 2437 Aur(elius)
704 2383 1007 2428 Verecundus.

318 2450 399 2492 272
430 2456 482 2492 M.
504 2457 640 2493 VERG
657 2484 667 2494 .
686 2485 695 2494 .
715 2484 724 2494 .
742 2485 751 2494 .
774 2454 1006 2508 proconsul
1028 2454 1215 2511 (Cypri),
1237 2456 1476 2513 imperante
1496 2455 1696 2512 Augusto
1715 2470 1908 2500 nummus
1929 2455 2125 2514 Cyprius,

402 2533 520 2572 quem
550 2520 742 2573 possedit
769 2521 1030 2576 Boryhesius
1060 2524 1130 2579 (cf.
1164 2538 1256 2579 opp.
1288 2528 1331 2576 2,
1362 2527 1453 2582 22).
1519 2525 1707 2568 Titulmn
1742 2525 1918 2581 Vergilii
1946 2525 2128 2578 aliemue
2142 2524 2198 2578 3153?

404 2586 452 2628 de
474 2587 597 2641 plebe
628 2588 696 2630 VI
717 2592 824 2632 9531
852 2591 992 2634 minus
1020 2595 1132 2634 recte
1159 2592 1240 2636 huc
1268 2594 1432 2636 rettulit
1459 2593 1718 2649 Boryhesius
1747 2594 1857 2650 (opp.
1889 2594 1916 2637 l.
1947 2597 2014 2651 (3.).
2174 2600 2208 2631 ὲ

320 2654 402 2696 273
434 2688 584 2698 ......
615 2659 988 2715 VERG1L1A[NVS]
1023 2693 1150 2703 .....
1191 2661 1338 2717 [X]vir
1377 2661 1565 2705 stlitibus
1605 2662 1849 2705 iudicandis
2004 2662 2127 2719 fray-

402 2727 585 2766 mentum
615 2725 784 2768 Velitris
811 2728 936 2770 semel
965 2728 1218 2783 descriptum
1243 2730 1293 2772 X
1319 2733 1439 2773 6570.
2173 2722 2202 2738 ἦ

332 2815 390 2820 -
433 2790 646 2835 Caecilius
676 2794 958 2849 virgilianus.

333 2883 390 2888 —-
433 2866 612 2903 IVNCVS
644 2864 998 2908 VERGILIANVS.

330 2951 388 2957 —
432 2934 484 2970 M.
515 2935 646 2972 PEDO
678 2937 1033 2977 VERGILIANVS.

332 3019 390 3025 —-
432 2996 592 3039 Atilius
623 2999 831 3054 Vergilio.

321 3064 405 3105 274
435 3064 666 3121 Vergilius,
693 3068 748 3109 ad
774 3084 902 3124 quem
926 3071 1134 3114 Horatius
1156 3072 1276 3114 dedit
1296 3086 1466 3116 carmen
1484 3076 1524 3124 4,
1545 3077 1614 3117 12.
1664 3074 1895 3116 ‘Iuvenum
1915 3071 2125 3124 nobilium

403 3131 552 3174 cliens³
585 3135 640 3179 ib.
673 3149 709 3178 v.
735 3139 800 3179 15.
862 3138 993 3180 Lucri
1022 3139 1240 3182 studiosus
1270 3155 1307 3183 v.
1337 3143 1406 3185 25.
1462 3141 1641 3184 Omnino
1669 3141 1856 3184 diversus
1882 3155 1910 3183 a
1941 3135 2126 3199 Verydio

402 3204 552 3252 poeta,
595 3204 682 3244 iam
722 3204 917 3257 defuneto
949 3220 1041 3247 cum
1071 3208 1282 3251 Horatius
1310 3212 1508 3263 quartum
1537 3210 1773 3252 carminum
1804 3209 1958 3252 librum
1986 3209 2126 3254 ederet
2148 3230 2194 3269 „4532

408 3268 667 3323 (negotiator
695 3272 821 3314 schol.
852 3272 981 3324 Acr.,·
1021 3275 1095 3316 sed
1121 3275 1362 3331 Porphyrio
1401 3277 1567 3320 videtur
1605 3278 1850 3333 coyitavisse
1883 3277 1933 3320 de
1958 3276 2122 3333 poeta).
2157 3268 2192 3288 ²

403 3334 478 3377 Ad
496 3338 678 3389 eundem,
708 3354 792 3383 non
813 3341 871 3383 ad
884 3344 1056 3394 poetam
1074 3344 1271 3387 nonnulli
1289 3349 1450 3399 putant
1469 3346 1615 3389 datum
1634 3346 1815 3390 Horatii
1832 3359 2008 3390 carmen
2030 3348 2072 3398 1,
2093 3346 2125 3390 3
2165 3356 2195 3402 ᾑρξ

2211 2428 2233 2439 „7
