2242 3672
274 268 527 305 SELEVCVS
1141 259 1222 302 194
1340 292 1342 295 ψ
1761 266 2076 305 SEMPRONIVS

271 400 378 443 254²
405 398 629 452 Seleucus,
662 396 1000 450 mathematicus,
1033 396 1107 452 qui
1135 395 1351 439 Othonem
1382 395 1437 437 ad
1466 411 1536 438 res
1567 411 1702 439 novas
1734 398 1931 441 incitavit
1962 398 2077 443 Suet.
2109 389 2132 457 ι’

357 467 462 511 Otho
483 471 521 509 4.
545 470 581 509 6.
643 465 743 508 V‹re
774 464 1041 507 Ptolemaeus
1070 463 1189 516 (Tac.
1217 464 1258 506 h.
1279 467 1318 515 1,
1339 467 1413 515 22,
1445 464 1561 506 Plut.
1591 464 1718 508 Galb.
1748 465 1836 521 23),
1869 467 1924 521 cf.
1945 476 2079 523 supra

353 537 428 578 sub
461 534 700 577 Ptolemaeo
732 532 793 588 (P
819 532 926 587 766).

270 603 351 646 255
383 603 601 656 Seleucus,
620 601 959 655 mathematicus,
979 601 1101 642 cuius
1119 600 1296 643 consilio
1314 601 1516 644 utebatur
1527 602 1823 658 Vespasianus
1845 604 2078 661 imperator

359 672 457 714 Tac.
478 671 517 713 h.
543 674 586 721 2,
618 672 680 714 78.

268 740 351 782 256
382 739 600 793 Seleucus,
633 738 921 794 pantomimus
953 736 1135 779 fortasse
1165 737 1355 782 Juvenal.
1382 742 1448 789 10,
1471 742 1567 783 211.

280 832 338 837 -
380 807 589 850 Claudius
621 806 839 850 Seleucus.

278 900 336 905 —
378 882 431 917 M.
461 875 712 929 FL(AVIVS)
744 880 1010 917 VITELLIVS
1043 881 1311 918 SELEVOVS.

278 968 336 974 —
378 945 580 998 IVL(1vs)
610 949 864 985 ANTONIVS
898 949 1167 986 SELEVCVS.

264 1012 345 1055 257
379 1012 547 1067 Somno,
582 1011 675 1053 dux
695 1012 971 1067 Longionum
1002 1011 1079 1067 (sic
1109 1012 1326 1070 traditur),
1358 1014 1500 1068 gentis
1529 1014 1827 1070 Germanicae,
1860 1031 1959 1058 cum
1989 1016 2077 1059 filio

350 1096 376 1123 a
406 1080 549 1123 Probo
582 1086 732 1136 captus
765 1087 807 1122 et
827 1075 942 1136 ¹pace
972 1080 1087 1123 facta
1117 1080 1330 1136 dimissus,
1365 1081 1522 1124 Zosim.
1551 1085 1589 1133 1,
1622 1086 1686 1125 67.

279 1173 333 1178 —-
382 1154 634 1191 SEMONIVS
666 1154 903 1191 IVLIANVS
933 1162 970 1191 v.
1001 1148 1219 1191 Simonius
1249 1148 1458 1192 Iulianus.

277 1242 333 1247 —
382 1217 430 1259 L.
463 1216 696 1259 Arruntius
731 1216 1068 1274 Sempronianus
1098 1216 1393 1274 Asclepiades,

275 1309 328 1315 -—
374 1292 474 1329 IMP.
485 1291 623 1329 CAES.
634 1292 686 1327 M.
696 1291 947 1328 ANTONIVS
961 1291 1247 1328 GORDIANVS
1263 1293 1650 1330 SEMPRONIANVS
1664 1295 1947 1333 AFRICANVS
1959 1298 2075 1335 AVG.

261 1355 343 1396 258
376 1355 423 1396 Ρ.
447 1354 728 1410 Sempronius
754 1353 904 1397 Aelius
936 1354 1142 1410 Lycinus.
1199 1355 1333 1397 Tituli
1350 1355 1576 1410 Ancyram
1602 1357 1691 1399 III
1702 1361 1787 1401 244
1812 1357 1885 1414 (1).
1915 1359 2005 1402 ΙΙΙ
2027 1360 2073 1404 S.

346 1426 451 1465 6756
482 1422 558 1477 (2).
599 1425 710 1466 6757
737 1423 822 1480 (3);
860 1422 1049 1466 Dacicus
1079 1424 1167 1466 III
1191 1424 1237 1467 S.
1270 1427 1375 1468 7659
1407 1426 1479 1480 (4).
1541 1426 1588 1469 P.
1632 1426 1775 1483 Semp.
1810 1426 1905 1471 Ael.
1945 1428 2073 1485 Lyci-

347 1507 426 1534 nus
459 1495 486 1534 t.
512 1495 564 1542 2,
609 1491 657 1534 Ρ.
689 1491 785 1534 Ael.
821 1492 1135 1548 Sen1p1·o[ni]us
1171 1493 1381 1549 Lycinus.
1406 1497 1434 1536 t.
1465 1498 1504 1545 3,
1547 1494 1641 1539 Ael.
1678 1496 1871 1552 Lycinus
1907 1500 1936 1540 t.
1967 1501 2004 1540 1.
2033 1501 2072 1541 4.

348 1559 564 1603 Oriuuclus
583 1563 631 1602 ut
650 1560 816 1602 videtur
836 1560 1014 1616 Ancyra
1035 1561 1106 1616 (cf.
1131 1561 1329 1604 Momms.
1353 1562 1411 1604 ad
1430 1566 1455 1604 t.
1474 1562 1532 1617 2).
1567 1563 1780 1607 Omnibus
1803 1565 2075 1622 equestribus

347 1627 512 1670 militiis
542 1628 716 1671 functus
749 1632 775 1671 t.
807 1633 851 1673 2.
882 1633 921 1672 3.
982 1630 1246 1673 Procurator
1276 1631 1505 1673 vicesimae
1536 1631 1841 1676 hereditatium
1871 1649 1950 1691 per
1979 1650 2075 1693 pro·

348 1697 512 1739 vincias
554 1696 740 1740 Galliam
779 1697 1108 1740 Narbonensem
1147 1706 1189 1741 et
1227 1698 1537 1756 Aquitanicam
1576 1704 1604 1743 t.
1638 1704 1680 1744 2.
1711 1705 1750 1744 3.
1812 1703 2076 1759 Procurator

345 1767 592 1821 provinciae
638 1766 802 1809 Daciae
845 1766 1192 1821 Porolis(s)ensis
1238 1771 1264 1810 t.
1306 1771 1349 1812 2.
1386 1771 1414 1811 3
1460 1769 1733 1825 (procurator
1772 1770 2071 1834 Augustorum

346 1834 528 1876 duorum
560 1838 586 1877 t.
609 1837 647 1885 4,
680 1835 753 1889 qui
780 1838 807 1879 t.
831 1836 1000 1890 positus
1031 1838 1091 1877 est
1120 1835 1166 1877 iu
1187 1834 1332 1878 Dacia
1351 1850 1438 1890 pro
1467 1837 1604 1880 salute
1635 1838 1753 1892 cius).
1811 1841 2073 1885 Procurator

347 1902 605 1945 ducenarius
626 1902 921 1945 Alexandriae
944 1905 1040 1946 ἰδίου
1063 1904 1183 1961 λόγου
1202 1907 1269 1947 t.3
1290 1905 1344 1959 cf.
1369 1908 1396 1948 t.
1417 1909 1459 1949 2.
1492 1906 1756 1949 Procurator
1776 1907 2073 1964 Augustorum

348 1971 531 2013 duorum
562 1973 813 2028 provinciae
845 1972 998 2029 Syriae
1020 1972 1292 2016 Palaestinae
1322 1977 1350 2016 t.
1373 1978 1415 2018 2.
1466 1975 1547 2017 Vir
1578 1977 1777 2031 egregius
1807 1980 1835 2022 t.
1858 1981 1898 2021 1.
1946 1979 2071 2037 ‘Iinp.

349 2039 526 2083 Caesari
561 2041 620 2084 M.
658 2039 855 2083 Aurellio
896 2041 1118 2083 Antonino
1159 2042 1320 2084 invicto
1362 2041 1560 2098 Augusto
1601 2045 1672 2100 pio
1712 2044 1843 2088 felici'
1886 2053 2073 2091 statuam

345 2109 507 2151 dicavit
528 2108 729 2165 Ancyrae
759 2113 787 2152 t.
810 2113 834 2152 1
856 2108 1127 2162 (Caracallae
1158 2114 1234 2153 aut
1264 2110 1540 2166 Elayabalo,·
1568 2112 1679 2156 uude
1707 2115 1895 2168 sequitur
1916 2115 2071 2171 pleris-

343 2191 417 2230 que
447 2179 687 2220 muneribus
713 2178 836 2220 illum
866 2179 1057 2232 fuuotum
1087 2191 1173 2221 esse
1199 2179 1274 2221 sub
1307 2179 1459 2222 Severo
1491 2183 1530 2223 et
1555 2179 1817 2237 Caracalla).

258 2246 339 2287 259
372 2246 652 2302 Sempronius
683 2246 858 2302 Aquila,
891 2247 946 2289 ab
976 2247 1171 2303 epistulis
1199 2246 1379 2310 Graecis
1411 2248 1599 2304 Augusti
1628 2253 1654 2292 t.
1676 2250 1935 2306 Anam-anus
1952 2253 2071 2297 Ball.

342 2314 390 2357 dc
412 2329 520 2357 corr.
542 2315 637 2360 hell.
663 2319 698 2366 7,
722 2318 830 2358 1883
848 2331 892 2370 p.
909 2319 980 2367 20,
1003 2316 1117 2360 arch.
1141 2317 1270 2372 epiyr.
1293 2318 1439 2362 Mitth.
1465 2332 1543 2361 aus
1563 2318 1697 2362 Oestr.
1721 2323 1759 2371 9,
1780 2323 1890 2364 1885
1901 2335 1948 2376 p.
1969 2325 2067 2366 123.

340 2383 453 2425 Filia
484 2383 741 2440 Sempronia
768 2385 964 2427 Romana
998 2386 1051 2429 ib.

256 2451 340 2493 260
369 2458 413 2493 L.
447 2458 760 2494 SEMPRONIVS
791 2460 1090 2498 ATRATINVS.
1153 2454 1343 2506 Nummi,
1375 2470 1442 2510 ap.
1471 2456 1633 2499 Eckhel
1660 2460 1687 2500 6
1713 2472 1756 2512 p.
1779 2460 1845 2508 56,
1876 2457 2071 2500 Babeton

338 2522 554 2562 momeaies
586 2521 633 2563 de
665 2521 715 2572 ta>
737 2524 824 2576 γάρ.
854 2523 1045 2565 romaiue
1074 2523 1136 2565 II
1148 2538 1197 2577 p.
1218 2526 1299 2566 434
1327 2537 1408 2578 seq.
1449 2539 1490 2567 u.
1523 2528 1677 2568 14-18.
1752 2526 1858 2568 Tria
1896 2526 2071 2569 nomina

339 2587 532 2630 exhibent
560 2590 667 2642 fasti
697 2590 894 2645 triumph.
929 2590 1031 2646 Cap.
1064 2591 1222 2646 (paene
1249 2592 1375 2646 plene
1406 2594 1534 2635 etiam
1563 2594 1671 2648 fasti
1700 2592 1939 2649 auyurum),
1971 2594 2070 2637 item

340 2655 427 2698 Dio
457 2660 524 2706 49,
555 2660 622 2699 39.
681 2658 730 2700 L.
758 2659 985 2701 Atratinus
1015 2661 1187 2711 nummii,
1220 2660 1449 2703 Atratinus
1480 2661 1578 2712 Cia,
1610 2662 1788 2716 Ioseph„
1820 2662 2068 2718 ffleronym.

340 2724 390 2766 L.
422 2722 450 2767 f.
492 2725 598 2777 fasti
637 2726 834 2780 triumph.
870 2726 997 2781 Cap„
1035 2728 1142 2781 fasti
1180 2742 1389 2783 auyurum
1428 2729 1648 2784 (memorat
1677 2733 1862 2784 patrem,
1903 2731 2070 2774 nomine

341 2805 425 2833 uon
446 2793 610 2846 posito,
650 2793 736 2836 Cio.
760 2809 845 2848 pro
883 2795 1027 2838 Caelio
1059 2800 1097 2847 1,
1129 2800 1166 2839 1.
1197 2800 1264 2847 31,
1300 2797 1380 2852 76),
1423 2798 1471 2841 L.
1504 2813 1546 2844 n.
1577 2799 1686 2852 fasti
1722 2799 1920 2855 triumph.
1959 2798 2064 2854 Cap.

342 2859 609 2903 Adulescens
640 2870 814 2904 accusat
842 2864 900 2907 M.
934 2863 1130 2907 Caelium
1162 2866 1218 2919 (a.
1254 2866 1355 2921 698)
1389 2866 1473 2909 Cio.
1495 2881 1580 2921 pro
1610 2866 1724 2910 Cael.
1747 2871 1785 2918 1,
1806 2870 1848 2910 2.
1881 2870 1920 2918 3,
1944 2870 1973 2910 7
1984 2881 2066 2922 seq.

344 2931 380 2978 7,
403 2930 466 2978 15,
499 2930 801 2985 septemdecim
832 2947 966 2974 annos
997 2940 1125 2976 natus
1158 2934 1442 2989 Hieronymus
1473 2935 1601 2978 ohrou
1638 2935 1696 2978 ad
1725 2951 1765 2978 a.
1788 2938 1896 2979 1996
1925 2936 2069 2992 (natus
2144 2944 2151 2949 '

340 2995 472 3049 iyitur
494 3010 604 3039 aimo
626 3000 737 3056 681).
787 2998 942 3054 Augur
965 3002 1136 3052 nummi,
1161 3008 1385 3058 cooptatus
1411 3004 1455 3045 in
1477 3003 1704 3059 collegium
1725 3018 1837 3047 anno
1860 3005 1943 3047 714
1963 3005 2072 3058 fasti

342 3063 624 3107 sacerdotales
655 3064 790 3116 (CIL.
813 3067 847 3108 I
869 3067 929 3108 ed.
962 3072 993 3111 2
1013 3083 1061 3122 p.
1086 3069 1170 3121 60).
1217 3070 1365 3113 Verba
1395 3070 1499 3113 facit
1528 3072 1572 3113 in
1603 3078 1756 3114 senatu
1787 3086 1862 3128 pro
1889 3071 2066 3115 Herode

342 3129 503 3172 Iudaeo
526 3132 691 3186 Ioseph.
716 3133 808 3174 bell.
832 3137 869 3184 1,
892 3137 956 3185 14,
981 3139 1018 3178 4.
1054 3136 1306 3179 Praefectus
1328 3137 1474 3181 classis
1496 3138 1573 3195 (M.
1598 3138 1795 3194 Antonii)
1817 3141 1978 3183 nummi
1997 3155 2065 3196 ap.

340 3196 533 3241 Babetou
562 3214 602 3242 u.
623 3201 777 3251 15-18,
810 3203 900 3244 cusi
927 3203 1037 3245 iuter
1063 3219 1196 3247 anuos
1219 3209 1298 3248 716
1319 3209 1358 3249 et
1378 3210 1476 3258 720,
1509 3208 1599 3250 cusi
1623 3211 1762 3250 autem
1778 3211 1993 3262 putantur
2020 3209 2068 3252 in

343 3265 498 3309 Sicilia
520 3266 648 3318 (solus
668 3283 860 3311 nummus
882 3284 949 3324 ap.
972 3271 1165 3315 Babelort
1184 3288 1225 3315 u.
1248 3278 1300 3316 14
1323 3276 1538 3329 antiquior
1558 3279 1619 3318 est
1640 3290 1751 3319 armo
1774 3279 1864 3327 715,
1894 3279 1933 3319 et
1952 3277 1999 3319 in
2020 3290 2066 3320 eo

341 3333 523 3377 nondum
545 3335 700 3378 dicitur
720 3338 960 3393 praefectus
982 3339 1159 3394 classis).
1218 3341 1347 3385 Circa
1368 3343 1510 3386 eadem
1529 3344 1712 3398 fortasse
1732 3347 1922 3399 tempora
1952 3347 1992 3387 et
2019 3345 2067 3387 in

2223 3483 2242 3504 γε
2228 3387 2242 3477 mmm
2214 3215 2242 3381 „animm-«2
2225 3165 2242 3210 ,uu
2215 3116 2242 3155 .Ᾰὶ
2227 3049 2242 3109 ³22..ss
