2242 3672
326 298 590 336 V1TELL1vs
1182 286 1266 331 452
1790 278 1793 281 ’
1861 292 2128 333 VITELLIVS

411 431 605 486 (eeusura
628 430 886 470 memoratur
905 426 1033 468 etiam
1060 425 1157 467 Tac.
1179 424 1220 466 h.
1241 427 1280 474 1,
1304 427 1343 467 9.
1364 426 1434 467 52.
1455 426 1494 474 3,
1517 426 1581 478 66,
1612 422 1730 466 Plut.
1762 422 1888 467 Gall».
1905 427 1980 475 22,
2013 423 2129 468 διιεῖ.

413 498 491 541 Vz‘t.
511 500 566 551 7).
599 495 821 540 Claritudo
847 496 938 537 eius
959 495 1057 537 Tac.
1069 493 1110 536 h.
1121 496 1159 544 3,
1175 495 1243 537 86.
1277 492 1460 536 Claudio
1483 494 1529 535 in
1549 491 1738 546 consilio,
1763 507 1863 535 cum
1883 492 1938 535 de
1952 491 2129 536 Valerio

411 566 602 609 Asiatico
625 565 925 620 pronuntiaret
939 563 1037 605 Tae.
1055 566 1120 613 11,
1137 565 1179 605 2.
1195 565 1223 604 3
1243 561 1296 615 ef.
1309 560 1397 604 Dio
1413 565 1479 612 60,
1497 564 1568 606 29.
1599 560 1653 605 A.
1670 562 1724 604 48
1742 575 1841 604 cum
1857 559 2131 606 Messallinae

412 634 576 688 flagitia
596 632 859 689 patefierent,
888 632 1102 673 inscitiam
1124 629 1296 673 simulat
1312 630 1410 673 Tae.
1423 644 1462 672 a.
1480 633 1547 680 11,
1559 632 1716 673 33—35.
1754 630 1862 672 Mox
1881 631 1937 672 in‘
1945 632 2131 685 gratiam

412 702 678 757 Agrippinae
717 700 767 741 L.
811 700 982 741 Iunium
1026 698 1219 742 Silanum
1258 705 1410 740 senatu
1449 705 1596 740 movet
1631 698 1728 742 Tae.
1760 712 1799 742 a.
1829 701 1900 750 12,
1930 702 1975 753 4,
2007 704 2045 742 a.
2075 699 2132 742 49

413 768 678 812 senatoribus
709 774 880 823 auctor,
923 775 972 811 ut
1001 768 1322 810 matrimonium
1352 766 1526 810 Claudii
1558 773 1600 809 et
1629 765 1900 823 Agrippinae
1929 773 2132 824 expostu-

410 839 550 881 larent
579 838 635 879 ib.
668 850 700 880 e.
731 838 758 878 5
787 849 869 890 seq.
901 836 956 890 ef.
988 849 1021 878 ε.
1054 839 1092 886 9,
1125 835 1284 878 Zonar.
1317 827 1382 885 11,
1414 838 1491 887 10,·
1522 835 1796 891 ‘praecipuus
1835 843 2134 893 propugnator

412 906 697 962 Agrippinae>
734 905 832 947 Tae.
865 919 905 946 a.
936 907 1006 955 12,
1036 907 1107 948 42.
1166 903 1221 946 Α.
1252 905 1318 957 51,
1361 909 1500 945 aetate
1540 909 1756 959 extrema,
1789 919 1815 946 a
1848 905 1974 947 Iunio
2005 905 2132 962 Lupo

410 975 645 1018 maiestatis
690 979 940 1027 accusatus3
987 972 1062 1015 sed
1107 972 1348 1015 accusatori
1387 986 1502 1029 aqua
1546 978 1589 1014 et
1629 972 1718 1028 igni
1759 972 2036 1016 interdictum
2073 974 2132 1017 ib.

411 1044 609 1087 Decessit
638 1042 828 1099 paralysi
859 1041 994 1084 altero
1028 1042 1097 1084 die
1125 1056 1253 1098 quam
1286 1047 1511 1098 correptus
1541 1047 1627 1096 θεῖς
1666 1040 1918 1084 defunctum
1956 1048 2132 1085 senatus

411 1111 584 1169 publico
606 1111 758 1153 funere
780 1111 1020 1163 honoravit,
1053 1111 1152 1153 item
1176 1116 1318 1152 statua
1338 1111 1415 1166 pro
1437 1110 1586 1152 rostris
1612 1124 1710 1152 cum
1742 1109 1822 1152 hac
1851 1111 2134 1168 inscriptione

413 1182 600 1238 ‘pietatis
621 1179 851 1222 immobilis
875 1193 978 1233 erga
1000 1180 1255 1235 principem'
1276 1178 1390 1222 Suet.
1413 1177 1494 1220 Va.
1515 1180 1543 1220 3
1562 1176 1743 1231 (videtur
1762 1179 1894 1234 iqitwr
1914 1178 2135 1233 defumctus

410 1263 495 1292 esse
516 1252 612 1291 arcte
638 1246 899 1302 Claudium).
949 1247 1133 1289 Maritus
1156 1246 1363 1290 Sextiliae
1393 1246 1448 1302 (δ
1463 1248 1561 1302 460)
1593 1245 1709 1289 διιεῖ.
1741 1246 1767 1290 l.
1800 1260 1833 1289 c.
1883 1246 2135 1291 Libertinae

411 1317 634 1360 cuiusdam
664 1331 811 1358 amore
842 1315 1092 1372 perinfamis
1115 1315 1232 1358 Suet.
1259 1314 1340 1357 Vit.
1361 1318 1405 1358 2.
1450 1314 1582 1357 Pater
1611 1314 1666 1357 A.
1687 1314 1866 1370 Vitellii,
1895 1315 1946 1358 L.
1967 1313 2134 1358 Vitellii

413 1386 528 1430 διιεῖ.
561 1386 640 1428 Va.
661 1389 688 1427 3
707 1388 780 1427 εεῖ.
830 1384 1036 1427 Fortasse
1065 1383 1190 1426 huius
1219 1384 1270 1426 L.
1301 1382 1452 1426 Vitelli
1482 1383 1592 1439 disp.
1625 1382 1694 1426 VI
1715 1386 1841 1428 9332.

328 1457 406 1499 501
439 1462 484 1500 L.
516 1460 783 1497 VITELLIVS
815 1453 869 1496 A.
903 1452 1067 1496 Vitellii
1101 1453 1374 1509 imperatoris
1405 1451 1540 1494 frater
1569 1452 1668 1495 Tae.
1694 1452 1735 1498 Ῐι.
1761 1455 1800 1504 1,
1821 1455 1879 1496 88
1898 1456 1987 1504 cet,
2017 1451 2155 1496 Plau·

410 1524 503 1568 Oth.
525 1526 551 1566 5
582 1523 799 1578 (minorem
820 1523 951 1576 fuisse
972 1522 1070 1564 iude
1091 1521 1234 1576 colliqi
1254 1523 1396 1576 potest
1414 1520 1526 1575 quod
1550 1534 1643 1563 oum
1661 1535 1744 1563 uno
1775 1521 1994 1576 eodemque
2023 1528 2136 1564 “anno

412 1592 598 1635 eonsules
628 1591 801 1645 fuerint,
830 1591 901 1633 ille
941 1590 1185 1633 ordinarius
1214 1590 1309 1644 fuit,
1342 1590 1398 1644 ef.
1419 1590 1495 1632 sub
1525 1589 1581 1632 A.
1615 1589 1792 1640 Vitellio,
1823 1589 1892 1632 hio
1920 1588 2133 1642 suffectus,
2174 1607 2178 1612 ·

414 1662 467 1715 ef.
498 1661 636 1714 infra,
674 1663 713 1702 εῖ
741 1659 852 1714 quod
880 1659 948 1701 hie
977 1659 1113 1714 fratri
1141 1659 1268 1701 etiam
1297 1658 1343 1700 ιἰι
1365 1657 1671 1713 proconsulatu
1701 1657 1882 1712 Africae
1909 1657 2135 1714 suecessit).

412 1730 463 1771 L.
483 1728 649 1771 Vitellii
670 1729 775 1783 (eius
794 1729 868 1783 qui
888 1727 1124 1783 praeeedit)
1155 1734 1197 1770 et
1219 1726 1427 1770 Sextiliae
1455 1726 1568 1769 filius
1589 1726 1704 1770 Suet.
1737 1726 1818 1770 Va.
1837 1730 1865 1770 3
1892 1728 1948 1782 cf.
1975 1727 2073 1771 Tac.
2094 1727 2135 1770 h.

411 1801 448 1853 3,
481 1801 543 1840 64.
605 1798 799 1841 Uxorem
839 1797 964 1839 duxit
1001 1797 1171 1839 Iuniam
1213 1795 1439 1839 Calvinam
1470 1794 1659 1850 Augusti
1700 1795 1929 1852 abneptem
1963 1796 2062 1842 Tac.
2094 1811 2134 1840 a.

397 1870 465 1917 12,
506 1870 532 1909 4
572 1867 640 1920 (L.
682 1866 861 1917 Vitellii,
903 1880 987 1908 nort
1021 1865 1076 1907 A.
1121 1865 1281 1908 Vitellii
1317 1878 1490 1908 uxorem
1525 1865 1657 1919 fuisse
1697 1863 1917 1908 Caluinam
1958 1867 2138 1922 apparet

414 1936 565 1978 collato
586 1935 699 1979 διιεῖ.
732 1934 812 1979 Va.
836 1937 892 1990 6),
925 1934 1000 1977 sed
1028 1949 1131 1976 mox
1161 1933 1407 1990 repudiavit
1436 1934 1492 1976 ib.
1535 1932 1697 1976 Consul
1727 1933 1878 1976 eodem
1907 1947 2019 1976 anno
2050 1947 2135 1990 quo
2239 1952 2242 1960 ’

411 2004 545 2046 frater
567 2004 623 2058 (a.
646 2004 743 2058 48)3
765 2004 904 2046 minor
924 2004 1076 2046 maiori
1098 2004 1143 2045 in
1165 2018 1242 2045 sex
1262 2017 1432 2045 menses
1456 2003 1662 2045 successit
1677 2002 1792 2046 Suet.
1815 2002 1896 2046 Vz't.
1911 2005 1951 2046 3.
1983 2003 2136 2046 Frater

413 2073 586 2116 Arvalis
618 2077 698 2116 aet.
720 2073 824 2116 Arv.
857 2074 983 2129 (certe
1013 2087 1125 2116 armo
1158 2076 1222 2123 69,
1253 2073 1308 2127 of.
1331 2073 1475 2126 infra;
1504 2072 1551 2114 iu
1582 2072 1690 2114 actis
1722 2072 1827 2114 anni
1850 2075 1903 2115 66
1931 2072 2137 2115 incertum

413 2145 554 2184 utrum
585 2143 673 2184 eius
705 2156 761 2184 an
791 2143 946 2196 fratris
975 2156 1125 2185 nomeu.
1154 2142 1308 2196 fuerit;
1348 2141 1395 2183 iu
1435 2141 1541 2183 actis
1581 2155 1622 2182 a.
1654 2143 1707 2183 63
1732 2154 1884 2183 nomen
1913 2141 2002 2183 eius
2031 2154 2136 2196 pro-

415 2210 612 2253 babiliter
641 2211 848 2265 supplevit
874 2211 1048 2254 Ηενιεειι
1079 2214 1158 2253 αεῖ.
1186 2210 1291 2252 Arv.
1315 2225 1364 2265 p.
1386 2209 1624 2265 LXXIX).
1675 2208 1916 2253 Proconsul
1945 2209 2133 2265 Africae,

415 2292 635 2320 successor
674 2278 818 2320 fratris
850 2278 967 2322 Suet.
1005 2278 1086 2322 Va.
1117 2281 1144 2321 5
1174 2279 1303 2334 (anno
1337 2281 1387 2320 ιιῖ
1424 2277 1589 2320 videtur
1618 2276 1731 2328 61l2,
1772 2278 1827 2331 cf.
1860 2278 1936 2320 sub
1966 2276 2134 2333 fratre).

414 2345 466 2388 A.
499 2347 552 2388 69
594 2347 715 2389 adest
755 2347 917 2389 Romae
958 2348 1071 2389 inter
1109 2347 1267 2390 fratres
1307 2346 1490 2390 Arvales
1530 2361 1664 2390 mens,
1707 2346 1801 2389 Ian.
1835 2346 1965 2389 Febr.
2006 2346 2134 2390 Mart.

415 2418 495 2457 aet.
523 2415 627 2457 Arv.
673 2416 801 2458 Iussu
821 2415 1006 2459 Othonis
1037 2431 1137 2458 cum
1169 2430 1218 2457 eo
1249 2414 1541 2471 proficiscitur
1561 2414 1615 2456 ad
1636 2413 1799 2457 bellum
1825 2415 1924 2458 Tac.
1944 2414 1985 2457 Ῑι.
2006 2418 2045 2466 1,
2065 2417 2134 2467 88,

413 2482 528 2526 Plut.
573 2483 670 2526 Oth..
703 2487 741 2527 5.
817 2485 1003 2527 Interest
1061 2483 1238 2526 consilio
1290 2489 1535 2526 senatorum
1579 2483 1801 2525 Bononiae
1846 2483 1995 2527 habito
2039 2489 2138 2541 post
2232 2536 2236 2544 1

415 2566 606 2607 pugnam
651 2552 983 2595 Bedriacensem
1027 2554 1126 2595 Tac.
1167 2553 1206 2596 h.
1246 2555 1289 2604 2,
1330 2555 1395 2595 54.
1469 2551 1615 2594 Fratri
1659 2552 1813 2594 victori
1858 2552 1904 2594 in
1949 2551 2137 2595 Galliam

421 2620 607 2661 occurrit
639 2621 692 2664 ib.
723 2624 767 2673 2,
797 2625 861 2672 63,
905 2621 1041 2664 eidem
1074 2622 1274 2676 (Romae)
1306 2635 1456 2663 cenam
1492 2619 1782 2662 adventiciam
1812 2619 1991 2662 exhibet
2019 2616 2135 2664 Suet.

418 2688 497 2730 Va.
517 2690 570 2730 13
600 2690 652 2742 ef.
684 2689 865 2743 Eutrop.
887 2693 926 2741 7,
949 2693 1013 2732 18.
1073 2691 1245 2732 Primus
1277 2691 1321 2731 in
1350 2695 1503 2731 senatu
1534 2689 1791 2731 sententiam
1821 2688 1927 2731 dicit
1955 2690 2000 2731 in
2030 2687 2134 2732 an-

417 2756 556 2797 cinam
593 2756 690 2798 Tae.
721 2757 760 2798 h.
791 2761 829 2808 3,
860 2754 947 2801 37(
984 2759 1157 2801 Iunium
1193 2758 1398 2800 Blaesum
1440 2758 1652 2814 pervertit
1680 2758 1738 2800 ib.
1767 2760 1807 2808 3,
1839 2760 1908 2801 38.
1967 2757 2134 2812 Frater,
2192 2748 2235 2782 5·-

415 2838 515 2865 cum
537 2830 686 2866 contra
706 2825 936 2868 Flavianos
958 2827 1315 2883 proficisceretur,
1339 2841 1486 2869 curam
1509 2825 1628 2869 urbis
1650 2827 1688 2868 ei
1710 2826 1925 2868 commisit
1942 2826 1998 2871 ib.
2013 2829 2054 2876 3,
2069 2827 2135 2869 55.

417 2892 523 2933 Mox
541 2893 696 2934 missus
718 2901 868 2936 contra
888 2895 1070 2938 rebelles
1091 2897 1135 2938 in
1154 2895 1437 2952 Campaniam
1458 2895 1513 2937 ib.
1533 2897 1572 2945 3,
1593 2896 1668 2946 58,
1662 2907 1671 2917 ·
1691 2893 1780 2937 Dio
1800 2897 1952 2946 65,16,
1980 2895 2136 2937 Tarra·

419 2961 562 3002 cinam
593 2970 815 3016 expugnat
840 2963 936 3006 Tae.
958 2964 997 3006 k.
1019 2967 1058 3015 3,
1079 2967 1144 3007 76.
1169 2968 1234 3015 77,
1266 2963 1402 3007 Βιοῖ.
1423 2977 1457 3006 ε.
1513 2962 1652 3019 Capta
1682 2978 1708 3005 a
1731 2962 1954 3005 Flavianis
1985 2963 2133 3018 Roma,

417 3028 517 3070 fidei
546 3029 760 3071 victorum
790 3045 835 3072 se
866 3034 1094 3087 permittit,
1134 3032 1478 3088 interficiturque
1514 3032 1611 3076 Tac.
1643 3031 1684 3073 Ῐι.
1713 3035 1753 3082 4,
1784 3034 1828 3082 2,
1859 3030 1948 3074 Dio
1977 3033 2042 3082 65,
2071 3033 2136 3075 22

419 3097 472 3149 ef.
505 3096 620 3138 διιεῖ.
660 3096 739 3139 Va.
773 3101 839 3141 18.
905 3100 1007 3141 ‘Par
1046 3102 1162 3143 vitiis
1203 3101 1371 3155 fratris,
1413 3100 1487 3142 sed
1529 3099 1792 3155 vigilantior’
1836 3099 1934 3143 Tae.
1964 3099 2005 3142 h.
2034 3101 2074 3150 4,
2104 3101 2162 3143 2
2213 3114 2216 3118 ·

420 3164 473 3216 ef.
494 3167 533 3214 3,
560 3167 625 3206 77.
688 3166 810 3208 Uxor
841 3168 959 3220 (post
987 3167 1222 3219 (lammam,
1255 3170 1310 3223 ef.
1340 3168 1489 3223 supra)
1519 3169 1692 3210 Triaria
1726 3168 1824 3210 Tac.
1850 3167 1890 3209 h.
1918 3168 1962 3217 2,
1982 3169 2048 3210 63.
2069 3169 2154 3209 64.
2166 3167 2228 3195 ‘3

416 3235 455 3281 3,
485 3235 546 3274 77.
606 3232 769 3275 Nomen
799 3247 966 3276 erasum
995 3236 1040 3277 iu
1071 3237 1178 3279 actis
1206 3237 1310 3279 Arv.
1342 3237 1448 3279 armi
1477 3239 1542 3280 69.

337 3299 418 3340 502
451 3306 490 3342 Ρ.
527 3307 791 3343 VITELLIVS
833 3302 881 3344 P.
917 3303 1080 3345 Vitellii
1124 3306 1413 3360 procuratoris
1452 3303 1639 3359 Augusti
1680 3303 1793 3346 filius
1828 3302 1941 3346 διιεῖ.
1982 3301 2061 3345 Vit.
2089 3303 2133 3345 2.
2180 3339 2206 3342 ,.

418 3366 621 3410 Fortasse
642 3369 709 3410 hie
730 3369 930 3411 Vitellius
952 3372 1026 3427 qui
1047 3371 1237 3427 Aegison
1269 3372 1474 3429 oppidum
1504 3372 1620 3427 regis
1641 3371 1853 3415 Thraciae
1883 3385 1909 3413 a
1938 3369 2134 3414 barbaris
2180 3378 2219 3417 i
