2242 3672
254 263 278 299 S
280 262 383 299 AXA
1112 248 1194 291 180
1830 252 2054 291 SCAPVLA

268 418 326 425 —
369 400 412 445 Q,-
443 396 689 435 VOCONIVS
721 394 850 430 SAXA
879 391 1220 430 AMYNTIANVS.

269 487 321 493 —-
366 468 408 512 Q.
439 465 686 503 VOCONIVS
716 463 844 499 SAXA
873 461 1035 497 FIDVS.

266 555 322 559 —
368 529 437 580 *Q.
469 533 667 570 P1NN1Vs
697 530 1018 567 VALERIANVS
1051 529 1224 565 SAXIVS
1262 521 1334 577 (cf.
1365 522 1488 577 infra
1516 521 1591 564 sub
1621 520 1668 566 Ο.
1700 520 1883 565 Servilio
1914 520 2056 577 Septi-

339 597 466 640 diano
495 594 676 649 Firmo).

257 666 335 708 183
367 670 578 707 SCANTIA
594 664 717 717 virgo
729 660 930 716 Vestalis,
951 661 992 702 in
1012 661 1102 702 eius
1123 659 1265 702 locum
1281 659 1366 702 alia
1383 659 1564 702 suffecta
1578 673 1690 701 anno
1706 660 1761 701 23
1778 658 1876 704 Tac.
1890 672 1930 702 a.
1940 662 1980 712 4,
1992 661 2057 702 16.

265 759 322 764 —
363 739 559 775 MANLIA
592 736 884 774 SCANTILLA.

256 803 336 845 184
367 802 554 845 Scaeva:
594 799 651 842 ad
691 814 789 841 eum
827 798 946 840 dedit
985 798 1194 840 Horatius
1234 812 1296 852 ep.
1327 801 1365 848 1,
1396 800 1463 842 17.
1529 796 1597 852 Cf.
1639 811 1772 851 supra
1808 796 1884 840 sub
1918 795 2059 841 Lollio

339 870 514 914 Scaeva.
547 895 598 901 —
630 868 758 910 Alius
789 867 969 921 Scaeva,
1001 867 1220 909 veneficus
1248 866 1404 909 Horat.
1426 869 1506 909 sat.
1527 869 1571 917 2,
1592 869 1632 917 1,
1652 868 1717 909 53.

257 939 335 982 185
368 938 535 982 Scaeva
565 936 767 991 (Σκευᾶς),
800 936 990 990 Batonis,
1033 935 1335 978 Dalmatarum
1366 935 1500 990 ducis,
1539 934 1669 990 filius,
1699 950 1737 979 a.
1769 949 1810 992 p.
1841 933 1944 978 Chr.
1976 934 2003 977 9
2033 949 2060 976 a

339 1013 461 1063 patre
492 1006 547 1048 ad
577 1005 800 1048 Tiberium
829 1006 986 1047 missus
1016 1004 1105 1047 Dio
1132 1007 1198 1055 56,
1230 1007 1296 1047 16.

255 1077 336 1119 186
368 1076 546 1127 Scaeva,
586 1073 814 1130 gladiator,
856 1087 1042 1130 quocum
1073 1073 1333 1117 Commodus
1374 1086 1570 1129 pugnare
1606 1071 1744 1115 noluit
1772 1071 1915 1115 Victor
1941 1069 2058 1115 Caes.

337 1148 403 1195 17,
432 1146 533 1188 5-6.

267 1238 324 1244 -
367 1212 525 1255 Didius
557 1210 735 1255 Scaeva.

266 1306 323 1312 —
365 1280 531 1324 Lollius
563 1279 741 1323 Scaeva.

268 1374 325 1380 —-
370 1356 413 1400 Q.
444 1354 653 1400 PAQVIVS
686 1353 892 1390 SGAEVA.

270 1445 322 1450 —
367 1423 580 1460 FLAVIVS
613 1421 903 1459 SCAEVINVS.

256 1487 336 1530 187
370 1518 551 1530 .......
571 1501 622 1527 us
649 1483 859 1529 Scaevola
887 1483 1131 1540 praefectus
1158 1482 1374 1537 (vigilum)
1398 1486 1424 1526 l.
1451 1484 1656 1526 Ostiensis
1685 1483 1774 1538 eph.
1796 1497 1858 1538 ep.
1879 1486 1918 1534 7,
1941 1486 2064 1527 1215.

275 1580 325 1587 -
369 1555 422 1609 Q.
455 1553 684 1598 Cervidius
716 1552 939 1597 Scaevola.
1405 1587 1407 1590 Α

268 1650 326 1655 —
372 1631 413 1669 O.
445 1623 665 1677 (MVGIVS)
698 1628 974 1665 SGAEVOLA.

258 1693 339 1736 188
372 1692 562 1735 Scaevus
592 1691 760 1733 Memor
791 1690 868 1746 (sic
897 1690 1023 1733 schol.
1045 1690 1152 1741 Iuv„
1186 1689 1377 1733 Scaevus
1400 1689 1576 1744 Seryius
1604 1687 1682 1731 Gr.
1703 1689 1803 1731 Lat.
1823 1692 1863 1739 4,
1883 1690 1978 1739 537,
2000 1691 2065 1740 17,

342 1761 509 1803 Memor
540 1759 755 1810 Martial„
788 1758 955 1813 Sidon.)
985 1765 1113 1815 poeta
1144 1759 1334 1813 tragicus
1360 1757 1627 1814 temporibus
1648 1757 1902 1812 Domitiani,
1934 1756 2068 1799 frater

342 1830 480 1872 Turni
511 1829 732 1885 scriptoris
759 1829 989 1870 satirarum
1011 1827 1212 1870 Martial.
1234 1830 1298 1878 11,
1320 1831 1360 1870 9.
1381 1830 1461 1879 10;
1487 1826 1614 1870 schol.
1637 1826 1696 1868 ad
1713 1826 1806 1868 Iuv.
1828 1828 1910 1868 sat.
1932 1829 1972 1877 1,
1993 1829 2067 1870 20.

343 1897 585 1941 Coronatus
617 1911 754 1952 agone
785 1896 1026 1952 Capitolino
1059 1896 1260 1940 Martial.
1282 1899 1348 1946 11,
1369 1898 1407 1946 9,
1428 1899 1467 1938 1.
1513 1895 1720 1938 ‘Scaevus
1750 1895 1796 1936 in
1825 1893 2063 1948 tragoedia‘

342 1968 498 2008 citatur
538 1964 683 2021 Sergii
719 1965 825 2020 expl.
857 1965 903 2007 in
932 1964 1094 2007 Donat.
1126 1963 1342 2020 (Gramm.
1373 1964 1472 2007 Lat.
1504 1963 1566 2007 ecl.
1599 1963 1704 2006 Keil
1731 1967 1758 2005 4
1779 1977 1828 2017 p.
1857 1965 1952 2014 537,
1983 1962 2067 2018 17).

342 2034 610 2077 Memoratur
641 2033 844 2077 Sidonius
863 2033 1007 2089 Apoll.
1030 2047 1159 2076 carm.
1182 2036 1222 2083 9,
1243 2036 1340 2076 263.

262 2104 341 2145 189
374 2102 656 2158 *[S]CAPVLA
690 2102 922 2159 proconsul
950 2101 1083 2145 Asiae
1116 2102 1196 2145 sub
1227 2103 1416 2145 Traiano
1455 2114 1649 2144 nummus
1682 2115 1751 2155 ap.
1783 2099 2070 2155 Waddinqton

342 2173 474 2226 fastes
503 2171 574 2214 des
595 2185 717 2225 prov.
751 2172 876 2215 asiat.
906 2185 948 2216 n.
970 2174 1068 2215 121.
1121 2170 1287 2214 Nomen
1315 2170 1481 2213 violetur
1509 2169 1620 2212 male
1650 2169 1823 2221 lectum‚·
1853 2169 1904 2223 σῇ
1936 2182 2070 2224 supra

342 2241 418 2282 sub
452 2240 518 2282 M.
548 2239 708 2283 Ocl...
741 2239 915 2282 Pla...

261 2309 341 2351 190
373 2308 625 2363 SCAPVL[A]
657 2341 666 2350 .
686 2341 694 2350 .
715 2341 723 2350 .
743 2341 752 2350 .
794 2307 960 2362 legatus
992 2307 1177 2350 duorum
1207 2306 1502 2362 Augustorum
1543 2306 1795 2362 provinciae
1826 2305 2070 2348 Dalmatiae

345 2381 372 2420 t.
401 2376 740 2420 Scardonitanus
769 2376 858 2419 III
879 2379 1006 2420 2809.
1052 2375 1258 2419 Fortasse
1289 2375 1481 2430 Scapula
1516 2374 1726 2418 Tertullus
1755 2375 1878 2429 infra
1905 2388 1947 2417 n.
1968 2377 2068 2425 192,

340 2448 387 2487 ut
417 2444 578 2499 leyatus
605 2445 737 2498 fuerit
767 2445 917 2487 Marci
946 2448 985 2487 el
1011 2444 1240 2488 Commodi.

261 2514 338 2556 191
375 2511 654 2567 *SCAPV[LA]
687 2518 888 2554 PRISCVS
921 2511 1071 2555 consul
1102 2526 1200 2554 cum
1231 2511 1452 2566 [Ti]ne(i)0
1486 2509 1707 2553 Clemente
1727 2511 1817 2553 III
1839 2510 1886 2555 S.
1911 2513 2069 2556 12802.

350 2581 523 2624 Videtur
556 2580 753 2635 Scapula.
787 2581 930 2624 consul
970 2596 1009 2625 a.
1040 2583 1134 2631 195,
1178 2594 1320 2623 errore
1360 2579 1495 2622 dictus
1524 2578 1701 2622 Priscus
1730 2593 1816 2634 pro
1862 2578 2073 2630 Tertullo:

347 2663 467 2691 error
499 2649 664 2691 videtur
699 2652 817 2691 ortus
848 2664 898 2692 ex
927 2650 1171 2704 confusione
1201 2662 1295 2691 cum
1324 2648 1490 2691 consule
1519 2649 1624 2690 anni
1650 2648 1858 2702 sequentis
1887 2648 1961 2703 qui
1988 2647 2075 2702 fuit

354 2715 545 2759 Thrasea
574 2716 763 2759 Priscus.

265 2785 345 2828 192
379 2791 601 2827 SCAPVLA
630 2792 922 2827 TERTVLLVS
954 2801 1126 2842 praeses
1156 2793 1205 2828 ut
1233 2785 1406 2828 videtur
1435 2786 1699 2842 provinciae,
1732 2785 1802 2827 cui
1826 2784 2001 2827 Marcus
2032 2790 2077 2827 et

350 2853 610 2896 Commodus
641 2854 698 2909 (a.
729 2856 966 2911 177-180)
999 2856 1314 2911 rescripserunt
1342 2853 1445 2909 Diy.
1473 2857 1511 2904 1,
1543 2856 1610 2904 18,
1640 2856 1694 2896 14
1735 2853 1861 2908 (idem
1896 2853 2076 2907 fortasse

350 2921 547 2975 Scapula,
574 2935 708 2976 supra
735 2935 777 2963 n.
798 2921 911 2976 190).
937 2921 1142 2965 Diversus
1153 2925 1261 2977 puto
1282 2923 1335 2965 ab
1358 2936 1403 2964 eo
1424 2922 1498 2976 qui
1515 2922 1716 2976 sequitur,
1740 2921 1905 2964 consule
1926 2935 1967 2964 a.
1983 2923 2074 2971 195,

347 2989 600 3044 proconsule
619 2990 695 3031 sub
724 2988 968 3041 Caracalla,
999 2991 1159 3033 scilieet
1180 2994 1308 3045 pater
1329 2991 1416 3033 eius
1442 2989 1570 3044 (hunc
1600 3003 1685 3032 esse
1716 2989 1950 3032 Tertullum
1979 3002 2076 3032 con-

351 3057 481 3100 sulem
512 3070 604 3099 cum
635 3057 845 3108 Maximo,
876 3062 1152 3101 memoratum
1183 3060 1236 3101 ab
1277 3058 1464 3113 Ulpiano
1494 3057 1597 3112 Diq.
1626 3061 1693 3109 48,
1724 3061 1751 3101 5
1774 3057 1887 3113 [29],
1907 3060 1946 3108 5,
1979 3070 2074 3100 con-

352 3126 449 3168 iecit
477 3125 735 3180 Borqhesius
763 3139 855 3179 opp.
878 3129 903 3168 6
924 3141 972 3180 p.
992 3129 1100 3178 247,·
1131 3128 1186 3181 cf.
1218 3128 1339 3181 infra
1368 3127 1444 3169 sub
1477 3126 1698 3180 Tertullo).

269 3194 350 3237 193
383 3200 604 3236 SCAPVLA
624 3199 916 3236 TERTVLLVS
948 3195 1097 3237 consul
1128 3195 1218 3237 ord.
1249 3211 1287 3238 a.
1312 3195 1391 3238 195
1418 3209 1517 3237 cum
1538 3195 1690 3237 Tineio
1717 3194 1940 3238 Clemente
1971 3194 2079 3248 fasti

355 3261 561 3318 (Scapula
595 3261 814 3304 Tertullus
849 3262 975 3305 XIV
993 3267 1094 3317 169,
1132 3263 1258 3320 Scap.
1301 3263 1552 3318 Tert[ul]lus
1584 3264 1672 3306 III
1693 3267 1816 3314 4407,
1848 3265 2078 3318 praeterea

355 3329 597 3384 Tertullus3
642 3331 732 3372 sine
775 3343 907 3372 causa
951 3330 1050 3372 olim
1095 3345 1122 3373 a
1158 3332 1374 3374 nonnullis
1414 3331 1549 3374 dictus
1588 3331 1641 3385 Q.
1677 3331 1855 3374 Flavius
1891 3329 2079 3386 Scapula
