2242 3672
133 297 381 334 VALERIVS
1003 293 1089 337 353
1698 296 1951 334 VALERIVS

210 430 375 474 Seneca
407 430 511 473 dial.
545 433 583 481 7,
614 433 681 482 18,
713 434 756 482 2,
794 431 894 474 Tac.
928 446 968 476 a.
997 435 1063 482 11,
1096 435 1140 475 2.
1200 430 1601 473 Exercitationibus
1631 429 1848 473 athleticis
1878 429 1953 473 ad-

213 505 416 542 sueverat
451 499 551 542 Tac.
584 513 625 542 a.
652 503 717 550 11,
748 502 776 541 3
806 499 1151 556 (‘palaestricum
1189 499 1455 557 prodigium³
1497 498 1710 542 Claudius
1741 498 1767 543 l.
1800 499 1869 554 c.).
1899 522 1948 527 -—

212 567 418 611 Fortasse
449 568 503 611 ab
534 567 611 611 hoc
642 568 851 623 appellati
878 570 1066 619 scaenici
1096 568 1354 612 Asiaticiani
1386 569 1582 612 Viennae
1611 568 1720 611 XII
1741 571 1864 612 1929.
1896 593 1947 599 -

213 637 370 680 Frater
399 637 493 679 eius
517 643 784 679 memoratur
810 638 1001 692 (nomine
1031 652 1118 680 non
1149 638 1308 694 posito)
1338 651 1398 680 or.
1427 637 1584 680 Claud.
1606 636 1770 692 Duyd.;
1799 643 1952 680 senatu

211 706 329 762 (post
347 711 530 748 mortem
553 705 663 759 eius)
695 706 857 748 eiectus
882 706 940 749 ib.
962 731 1019 737 —
1039 706 1174 749 Pater
1201 706 1367 749 videtur
1397 707 1486 750 eius
1516 707 1591 761 qui
1615 707 1816 761 sequitur,
1849 719 1952 749 avus

214 774 280 817 M.
312 774 452 817 Lollii
480 773 679 816 Paullini
708 773 872 817 Valerii
899 774 1089 818 Asiatici
1119 775 1363 818 Saturnini.

127 845 183 888 26
213 850 261 886 1).
274 842 331 898 (P)
362 849 614 885 VALERIVS
645 849 922 888 ASIATICVS.
973 843 1177 886 Valerius
1209 844 1430 887 Asiaticus
1466 844 1565 889 Tae.
1596 844 1636 886 h.
1668 848 1708 896 1,
1734 847 1802 888 59.
1835 848 1875 895 4,
1901 848 1952 896 4;

211 912 270 957 Ι).
301 910 508 954 Aurelius
538 911 761 954 Asiaticus
793 913 1088 967 apoyraphum
1126 916 1154 955 t.
1185 914 1346 955 urbani
1375 913 1444 956 VI
1465 916 1579 957 1528
1609 927 1729 968 quern
1757 913 1815 956 ad
1842 913 1952 956 hunc

209 980 376 1024 rettulit
406 981 642 1032 Marinius,
675 981 730 1035 cf.
762 982 900 1036 infra.

296 1049 442 1092 Filius
460 1050 627 1092 videtur
647 1051 738 1092 eius
757 1051 832 1105 qui
841 1051 1076 1106 praecedit.
1110 1050 1162 1096 A.
1181 1053 1235 1094 69
1263 1051 1431 1107 legatus
1452 1052 1704 1108 provinciae
1732 1050 1950 1106 Belgicae,

212 1121 257 1162 in
286 1119 439 1176 primis
459 1118 626 1161 Vitellii
656 1119 854 1175 partibus
885 1121 1068 1162 accessit
1093 1121 1191 1163 Tac.
1214 1121 1254 1163 h.
1278 1124 1316 1172 1,
1338 1123 1404 1165 59.
1446 1120 1553 1162 Mox
1574 1136 1600 1163 a
1619 1120 1796 1163 Vitellio
1817 1134 1953 1176 gener

212 1188 405 1231 adscitus
425 1189 481 1230 ib.
526 1187 691 1231 Consul
722 1188 976 1244 designatus
1007 1190 1064 1232 ib.
1085 1193 1124 1244 4,
1146 1193 1186 1232 4.
1235 1190 1437 1232 Exeunte
1458 1205 1496 1232 a.
1523 1190 1578 1232 69
1601 1191 1743 1232 occiso
1760 1189 1949 1241 Vitellio,

211 1264 261 1300 ut
281 1256 432 1300 consul
453 1257 707 1312 designatus
729 1257 914 1300 honores
940 1258 1134 1300 decernit
1154 1258 1340 1301 ducibus
1361 1258 1587 1301 Flavianis
1609 1260 1665 1303 ib.
1712 1258 1953 1313 Defunctus

209 1340 296 1369 esse
333 1326 501 1369 videtur
540 1330 766 1381 antequam
807 1327 1071 1370 consulatum
1108 1328 1257 1378 iniret,
1304 1329 1345 1370 si
1381 1331 1491 1370 recte
1531 1327 1700 1370 titulum
1741 1327 1809 1370 VI
1840 1331 1953 1371 1528

213 1395 379 1438 Rornae
409 1395 533 1438 semel
561 1409 671 1438 saec.
701 1395 800 1439 XV
823 1395 1102 1451 descriptum:
1142 1396 1208 1438 dis
1247 1397 1448 1439 manibus
1479 1397 1535 1438 D.
1566 1396 1736 1439 Aurelii
1765 1396 1949 1439 Asiatici

211 1463 402 1508 consulis
453 1464 667 1519 designati
717 1465 776 1507 ad
822 1479 914 1508 curn
961 1465 1128 1507 rettulit
1171 1465 1395 1508 Marinius
1437 1466 1543 1507 Arv.
1578 1480 1625 1519 p.
1657 1468 1738 1508 345
1781 1468 1868 1508 not.
1899 1469 1953 1508 74

137 1590 141 1594 .
210 1533 387 1586 (scilicet
410 1537 457 1576 ut
477 1533 629 1576 Aureli
652 1548 795 1576 errore
827 1534 976 1576 lectum
1006 1535 1063 1576 sit
1085 1549 1171 1588 pro
1196 1534 1357 1590 Valeri,
1390 1534 1502 1589 quod
1526 1547 1628 1576 sane
1658 1535 1757 1589 fieri
1775 1533 1950 1589 potuit).

208 1602 344 1646 Brevi
367 1606 470 1657 post
508 1606 720 1645 mortuum
761 1616 847 1645 esse
888 1603 1054 1645 indicat
1083 1599 1212 1645 etiam
1241 1604 1289 1646 id
1317 1604 1429 1658 quod
1457 1604 1755 1659 Vespasianus
1787 1603 1952 1646 Vitellii

209 1671 344 1714 filiam
383 1671 575 1727 (eandem
612 1675 723 1726 puto
762 1686 869 1726 quae
909 1672 1007 1714 huic
1045 1676 1251 1727 nupserat
1289 1673 1353 1715 vel
1393 1676 1502 1715 certe
1542 1672 1748 1726 desponsa
1790 1673 1953 1728 fuerat)

209 1741 377 1784 dotavit
415 1748 458 1783 et
495 1742 649 1783 marito
691 1740 921 1783 collocavit
962 1741 1079 1786 Suet.
1118 1741 1235 1796 Vesp.
1268 1746 1321 1785 14
1361 1742 1479 1797 (nam
1520 1741 1611 1783 alia
1651 1741 1748 1796 filia
1786 1741 1953 1784 Vitellio

207 1824 294 1853 non
321 1809 488 1852 videtur
516 1811 660 1864 fuisse,
690 1810 745 1864 cf.
777 1811 900 1864 infra
929 1811 1007 1852 sub
1037 1810 1236 1865 Vitellio).
1257 1835 1314 1839 —
1335 1810 1478 1852 Huius
1505 1813 1553 1852 ut
1580 1810 1746 1852 videtur
1778 1811 1954 1853 libertus

209 1880 267 1922 D.
296 1878 501 1922 Valerius
531 1878 714 1921 Asiatici
752 1878 936 1922 libertus
970 1879 1109 1922 Sisses
1122 1879 1181 1934 (P)
1225 1881 1342 1921 sevir
1377 1880 1422 1921 in
1460 1879 1629 1921 colonia
1670 1879 1951 1936 Equestrium

172 1936 179 1942 ’
208 1947 460 1991 Novioduni
481 1947 617 1990 XIII
632 1950 749 1991 5012
779 1969 832 1982 =
866 1948 1002 1992 Inscr.
1034 1948 1156 1991 Helo.
1189 1952 1287 1992 121.
1324 1974 1373 1977 —
1414 1947 1548 1990 Pater
1579 1951 1688 2002 puto
1720 1949 1786 1991 M.
1818 1949 1953 1991 Lollii

207 2017 408 2060 Paullini
436 2016 600 2059 Valerii
627 2017 819 2059 Asiatici
848 2017 1102 2068 Saturnini,
1144 2017 1328 2060 consulis
1359 2032 1399 2060 a..
1430 2021 1485 2059 93
1519 2018 1751 2071 iterumque
1782 2032 1822 2061 a.
1852 2021 1949 2068 125,

207 2089 312 2130 avus
341 2085 507 2129 Valerii
541 2086 678 2129 Tauri
706 2085 898 2128 Asiatici
932 2087 1055 2140 infra
1083 2100 1125 2128 n.
1158 2089 1252 2129 139.

121 2155 175 2200 27
208 2155 264 2210 Q.
294 2154 500 2199 Valerius
531 2155 773 2197 Asiaticus:
814 2155 906 2197 eius
939 2170 1091 2197 servus
1122 2170 1294 2198 sacrum
1323 2154 1428 2197 fecit
1458 2156 1503 2196 in
1534 2169 1639 2210 agro
1671 2154 1853 2197 Albensi
1880 2155 1950 2197 vel

206 2224 415 2267 Hastensi
448 2223 490 2266 V
512 2226 635 2266 7592.
696 2223 903 2266 Fortasse
933 2223 1055 2267 horno
1084 2224 1254 2268 nobilis.

119 2319 178 2325 -—
206 2301 259 2337 M.
291 2299 506 2336 LOLLIVS
538 2299 821 2335 PAVLLINVS
852 2299 1106 2336 VALERIVS
1137 2299 1400 2336 ASIATICVS
1432 2298 1764 2335 SATVRNINVS.

120 2364 176 2407 28
207 2362 256 2406 C.
292 2361 498 2406 Valerius
541 2361 780 2404 *Astraeus
822 2361 1053 2416 (Astraeus
1093 2361 1247 2413 Orell.;
1291 2361 1522 2416 Aestreus‚
1569 2361 1801 2404 Aestiaeus
1841 2362 1950 2404 duae

207 2432 410 2486 antiquae
430 2430 643 2481 editioneS,
677 2444 706 2473 a
725 2430 878 2484 quibus
896 2430 1084 2485 reliquae
1106 2431 1324 2487 pendent),
1358 2429 1523 2473 Valerii
1546 2430 1719 2472 Paulini
1741 2430 1947 2473 libertus:

206 2501 245 2544 ei
266 2501 334 2543 ius
355 2500 593 2554 Quiritium
613 2515 640 2541 a
660 2499 849 2542 Traiano
873 2500 1077 2556 impetrat
1096 2499 1267 2542 Plinius
1288 2499 1406 2542 Plin.
1430 2499 1488 2542 ad
1513 2499 1631 2544 Trai.
1656 2514 1717 2554 ep.
1740 2502 1832 2542 104.
1854 2501 1947 2542 105.

118 2594 175 2601 -
205 2569 403 2627 Ulp(ius)
434 2568 637 2612 Valerius
668 2567 949 2613 Aurelianus.

118 2639 175 2682 29
205 2638 255 2683 C.
286 2637 489 2682 Valerius
522 2637 673 2680 *Axer
703 2637 845 2692 (Axer
865 2638 1039 2693 primus
1069 2638 1217 2689 editor,
1258 2637 1381 2694 Aper
1410 2638 1448 2680 is
1478 2637 1552 2692 qui
1581 2640 1683 2692 post
1713 2652 1806 2680 eum
1835 2637 1950 2680 solus

206 2707 388 2750 codicem
417 2707 565 2761 vidit):
608 2708 647 2749 ei
690 2706 890 2749 similiter
919 2714 968 2749 ut
1000 2707 1176 2750 Valerio
1204 2707 1388 2750 Astraeo
1419 2707 1478 2763 (n.
1509 2705 1584 2759 28)
1617 2707 1684 2748 ius
1712 2706 1948 2760 Quiritium

206 2777 411 2833 impetrat
439 2775 610 2818 Plinius
640 2775 759 2819 Plin.
791 2790 853 2831 ep.
887 2776 946 2819 ad
979 2777 1101 2820 Trai.
1131 2780 1225 2821 104.
1257 2779 1352 2819 105.

122 2846 178 2888 30
206 2851 460 2888 VALERIVS
481 2851 758 2887 BASSIANVS
780 2844 1034 2900 consularis,
1068 2846 1236 2888 occisus
1262 2861 1289 2888 a
1310 2844 1548 2888 Commodo
1567 2846 1639 2889 vit.
1669 2844 1826 2888 Comm.
1850 2849 1888 2897 7,
1910 2849 1948 2888 6.

121 2914 173 2957 31
207 2920 262 2956 M.
306 2919 558 2956 VALERIVS
604 2919 812 2956 BRADVA
857 2920 1130 2958 MAVRICVS.
1221 2914 1267 2957 T.
1313 2914 1679 2969 Albinyaunensis
1728 2915 1947 2968 Liquriae,

218 2981 261 3025 V
284 2984 393 3025 7783
421 2981 506 3037 (1);
543 2985 805 3025 memoratur
843 2983 891 3025 in
923 2983 1104 3026 urbanis
1136 2983 1205 3026 VI
1226 2986 1340 3027 1342
1366 2982 1442 3039 (2).
1483 2985 1590 3025 1541
1621 2980 1695 3037 (3).
1737 2985 1847 3025 9836
1876 2983 1948 3039 (4).

206 3050 386 3094 Fistula
434 3065 522 3106 rep.
572 3051 619 3093 in
666 3050 901 3103 Aventino,
953 3067 1021 3107 ap.
1073 3052 1363 3096 Lancianium
1412 3052 1503 3107 syll.
1551 3066 1617 3105 aq.
1662 3066 1704 3094 n.
1748 3054 1831 3094 177
1875 3051 1947 3106 (5).

209 3120 270 3165 Μ.
292 3119 495 3163 Valerius
526 3119 705 3163 Bradua
733 3120 956 3164 Mauricus
988 3125 1016 3164 t.
1048 3125 1087 3164 1.
1117 3124 1162 3165 2.
1192 3124 1231 3173 5,
1263 3120 1362 3164 Val.
1394 3120 1572 3164 Bradua
1601 3120 1827 3162 Mauricus
1858 3123 1886 3163 t.
1908 3123 1947 3170 4,

208 3188 388 3231 Bradua
426 3188 650 3231 Mauricus
688 3188 792 3245 Diy.
832 3193 905 3241 26,
936 3193 1000 3241 10,
1031 3194 1070 3241 1,
1101 3194 1151 3241 4,
1192 3223 1203 3233 .
1222 3224 1231 3233 .
1249 3223 1258 3233 .
1277 3223 1287 3233 .
1306 3224 1316 3233 .
1357 3190 1580 3232 Mauricus
1623 3191 1650 3230 t.
1681 3192 1729 3239 3,
1772 3188 1950 3231 Bradua

207 3257 311 3312 Diy.
333 3261 372 3308 1,
394 3261 466 3308 21,
488 3261 528 3300 4.
587 3258 644 3300 In
674 3258 898 3301 consulatu
926 3258 987 3301 M.
1019 3258 1223 3302 Valerius
1254 3258 1432 3301 Bradua
1465 3258 1534 3301 VI
1555 3260 1677 3308 1980,
1700 3256 1950 3311 plerumque

209 3326 399 3369 Bradua.
433 3353 485 3357 —
524 3325 804 3370 Clarissimus
844 3328 914 3370 vir
955 3330 983 3370 t.
1014 3331 1054 3370 4.
1085 3330 1112 3371 5
1150 3327 1435 3383 (clarissimae
1472 3326 1704 3369 memoriae
1734 3326 1803 3367 vir
1834 3328 1862 3368 t.
1892 3326 1949 3378 1).

211 3394 379 3438 Consul
410 3398 438 3439 t.
460 3398 500 3438 1.
518 3398 556 3451 3,
590 3395 836 3439 ordinarius
867 3411 904 3438 a.
930 3396 1009 3439 191
1042 3411 1142 3439 cum
1163 3396 1340 3439 Pedone
1361 3396 1613 3453 Aproniano
1632 3394 1751 3449 fasti.
1803 3394 1949 3437 Ponti-

201 3467 490 3506 Prosopographia
506 3469 590 3505 Imp.
607 3469 702 3498 Rom.
737 3469 802 3501 III.
878 3491 880 3493 »
1630 3463 1676 3499 23
