2242 3672
313 269 647 305 TVRPILIANVS
1172 257 1258 298 344
1312 273 1315 274 ’
1831 263 2117 300 TVRRANIVS

398 398 587 442 Iuvenal.
608 401 646 447 1,
669 400 742 439 20.
796 395 897 436 ‘Hic
917 393 1109 436 libertini
1130 394 1301 448 generis
1322 392 1376 434 ad
1408 392 1592 435 honores
1623 392 1855 435 ambitione
1885 387 2118 450 provectus

400 474 474 521 est,
507 472 658 522 potens
687 465 731 505 in
763 462 861 504 aula
890 462 1257 518 Vespasianorum
1289 461 1377 503 Titi
1408 467 1452 503 et
1480 461 1736 503 Domitiani'
1771 461 1940 504 Probus
1970 462 2119 506 Vallae

400 536 426 577 l.
456 549 503 589 c.,
543 534 619 575 ubi
648 531 900 586 perhibetur
928 530 1037 572 hunc
1066 530 1308 585 siqnificari
1337 544 1365 572 a
1394 529 1595 572 Iuvenale
1624 533 1670 580 1,
1699 533 1771 573 20.
1830 531 1998 573 Versus
2027 531 2119 574 eius

398 603 645 644 referuntur
673 599 798 642 schol.
830 598 923 640 Iuv.
951 602 987 649 1,
1018 601 1082 640 71.

325 695 382 701 —
427 677 467 711 P.
499 673 779 710 PETRONIVS
812 663 1158 709 TVRPILIANVS.

325 764 382 768 —
428 737 476 780 C.
506 736 770 792 Pomponius
799 734 1096 791 Turpilianus.

314 807 396 849 292
428 804 652 860 Turpilius
684 804 762 857 (sic
795 804 975 858 optimus
1009 803 1159 854 codex,
1191 803 1384 857 plerique
1415 803 1671 860 Turpillus),
1715 819 1846 861 eques
1885 804 2119 860 Romanus,

395 890 417 916 e
456 875 658 930 Venetia,
709 874 834 916 laeva
883 889 1012 916 manu
1056 874 1200 930 pinxit
1244 873 1513 930 temporibus
1562 873 1711 929 Plinii,
1762 887 1979 930 operaque
2026 874 2119 916 eius

396 944 596 986 Veronae
627 942 835 985 extabant
864 942 981 985 Plin.
1003 942 1044 985 h.
1066 957 1106 986 n.
1128 944 1193 993 35,
1216 945 1288 985 20.
1338 941 1583 997 Complures
1615 942 1806 997 Turpilii
1832 945 2120 987 memoranwsr

397 1013 442 1053 in
474 1015 501 1056 t.
534 1011 762 1054 Veronensi
791 1011 833 1051 V
854 1014 983 1061 3432,
1015 1011 1088 1064 qui
1117 1011 1300 1064 fortasse
1331 1010 1389 1053 ad
1416 1010 1542 1053 huius
1569 1014 1731 1065 yentem
1752 1011 2040 1065 pertinebant.

313 1081 395 1123 293
426 1087 470 1122 L
489 1086 749 1122 TVRPILIVS
771 1085 979 1121 DEXTER
999 1079 1151 1121 consul
1173 1079 1272 1122 suff.
1293 1094 1331 1123 a.
1354 1080 1437 1124 inc.
1460 1093 1608 1121 mense
1628 1079 1735 1123 Dec.
1753 1094 1851 1121 cum
1870 1079 1931 1122 M.
1953 1079 2121 1122 Maecio

397 1148 507 1191 Rufo
530 1147 657 1191 XIV
667 1150 776 1191 3543
797 1148 1069 1203 (temporibus
1089 1147 1357 1198 Flaviorum,
1381 1148 1435 1202 cf.
1456 1161 1590 1202 supra
1609 1148 1685 1190 sub
1704 1147 1769 1192 M
1787 1147 1956 1190 Maecio
1971 1147 2122 1202 Rufo).

326 1241 384 1246 —
425 1216 484 1258 M.
520 1216 782 1273 Calpurnius
815 1216 983 1259 Seneca
1010 1216 1176 1258 Fabius
1208 1216 1373 1272 Turpio
1405 1215 1730 1259 Sentinatianus

312 1285 396 1328 294
427 1291 561 1327 TVRR
579 1317 700 1328 .....
741 1291 976 1326 TITiANVs
1017 1285 1086 1326 vir
1126 1284 1390 1326 clarissimus
1429 1284 1577 1339 fistula
1609 1284 1814 1339 plumbea
1852 1285 1950 1340 aym·
1989 1284 2122 1328 Vicer-

398 1353 551 1396 biensis
580 1353 703 1396 semel
730 1353 954 1408 descripta,
986 1353 1068 1395 XI
1087 1355 1209 1396 3015.

312 1422 395 1464 295
426 1422 679 1475 Turranius,
712 1428 839 1477 poeta
870 1422 1059 1476 tragicus
1091 1428 1284 1478 tempore
1315 1420 1463 1464 Ovidii
1493 1421 1613 1465 Ovid.
1642 1436 1693 1464 ex
1710 1421 1763 1464 P.
1783 1426 1824 1474 4,
1846 1425 1912 1473 16,
1934 1425 2007 1466 29.
2096 1471 2102 1476 ,

311 1490 394 1533 296
425 1491 678 1544 Turranius,
703 1490 946 1546 praefectus
969 1489 1162 1546 Aegypti
1184 1490 1263 1532 sub
1286 1489 1498 1545 Augusto,
1520 1504 1634 1532 anno
1661 1491 1753 1532 eius
1784 1490 1949 1533 decimo
1971 1491 2122 1546 quinto

396 1558 469 1613 (ab
492 1574 531 1601 u.
555 1574 589 1602 0.
615 1558 759 1618 738s9)
792 1558 862 1600 vel
891 1559 1098 1601 vicesimo
1130 1558 1294 1612 (743s4)
1325 1557 1396 1600 vel
1418 1559 1622 1601 vicesimo
1652 1559 1778 1601 tertio
1810 1558 1975 1612 (746s7)
2006 1560 2124 1614 (nam
2206 1570 2208 1572 ’

395 1627 470 1669 hos
501 1641 696 1669 numeros
727 1627 979 1681 apoyrapha
1010 1627 1254 1684 admittunt)
1283 1630 1311 1671 t.
1342 1627 1577 1682 Aeyyptius
1608 1625 1730 1671 GIG.
1751 1629 1865 1671 4923
1883 1647 1940 1663 =
1962 1627 2125 1671 Kaibel

398 1710 458 1749 ep.
488 1695 565 1739 Gr.
587 1698 681 1738 978.

313 1765 395 1807 297
428 1764 475 1808 O.
499 1765 739 1807 Turranius
767 1765 843 1820 (sic
865 1765 963 1809 Tac.
983 1779 1021 1809 a.
1038 1769 1077 1816 1,
1099 1768 1136 1815 7,
1160 1764 1403 1807 Turranius
1424 1765 1483 1807 ib.
1502 1768 1567 1815 11,
1584 1767 1651 1815 31,
1674 1765 1923 1820 Tyrannius
1942 1764 2124 1808 Senecae
2206 1749 2242 1778 ἲ

397 1833 485 1875 eod.
504 1833 652 1889 Med),
675 1834 916 1889 praefectus
936 1849 1134 1876 annonae
1155 1849 1193 1875 a.
1210 1848 1252 1889 p.
1271 1832 1374 1876 Chr.
1389 1835 1442 1875 14
1462 1832 1537 1887 (=
1552 1849 1591 1876 a.
1608 1849 1650 1877 n.
1668 1848 1705 1876 0.
1724 1833 1825 1887 767)
1847 1833 1946 1877 Tac.
1965 1847 2004 1877 a.
2021 1836 2060 1884 1,
2079 1836 2117 1875 7.

398 1901 509 1944 Cum
536 1917 561 1943 a
578 1901 626 1944 O.
645 1901 832 1944 Caesare
852 1903 1125 1944 vacationem
1149 1902 1466 1958 procurationis
1483 1901 1664 1957 (videtur
1681 1902 2123 1957 siqnificaripraefec-
2205 1928 2242 1939 .‚

400 1972 498 2011 tura
522 1970 728 2025 annonae)
762 1970 874 2013 ultro
906 1972 1144 2027 accepisset
1179 1970 1499 2024 nonagenarius
1530 1985 1686 2025 senex,
1725 1976 1774 2012 ut
1802 1971 2046 2013 exanimem
2076 1983 2123 2012 se
2209 1963 2242 1990 ‘

396 2037 533 2092 lugeri
554 2039 687 2093 iussit,
714 2039 850 2081 donec
870 2039 1008 2082 ‘labor
1031 2038 1094 2081 illi
1116 2054 1221 2081 suus
1246 2040 1467 2082 restitutus
1496 2045 1574 2080 est‘
1596 2038 1759 2082 Seneca
1780 2038 1881 2081 dial.
1904 2037 1972 2089 10,
1989 2041 2061 2089 20,
2078 2041 2120 2080 3.

400 2105 653 2148 Praefectus
679 2122 876 2149 annonae
897 2109 1025 2149 etiam
1047 2123 1084 2150 a.
1107 2107 1188 2150 801
1212 2127 1268 2142 =
1290 2122 1330 2162 p.
1352 2106 1454 2150 Chr.
1476 2107 1530 2149 48
1558 2107 1654 2149 Tac.
1679 2121 1717 2149 a.
1739 2110 1805 2158 11,
1827 2110 1894 2151 31.
1941 2105 2123 2149 Circiter

397 2177 559 2216 centum
589 2189 724 2217 annos
753 2176 888 2230 iyitur
916 2179 1044 2218 natus
1075 2179 1172 2217 tunc
1201 2176 1334 2229 fuerit
1361 2188 1522 2218 necesse
1553 2178 1625 2217 est.
1677 2175 1765 2218 Sed
1789 2175 1972 2228 fortasse
1990 2188 2123 2218 nona·

396 2243 520 2296 yinta
550 2247 714 2285 tantum
747 2258 881 2287 annos
912 2245 1066 2299 attiyit,
1099 2248 1138 2287 et
1169 2244 1330 2287 Seneca
1358 2244 1499 2286 minus
1527 2247 1724 2286 accurate
1754 2243 1803 2286 de
1832 2258 1878 2286 eo
1909 2246 2123 2298 tamquam

399 2313 688 2366 nonayenario
720 2314 847 2354 etiam
878 2316 1005 2355 antea
1035 2314 1165 2355 verba
1184 2313 1297 2366 fecit.
1344 2312 1446 2356 Utut
1466 2315 1537 2362 est,
1569 2312 1666 2366 fieri
1682 2315 1826 2366 potest
1851 2315 1901 2354 ut
1928 2312 1985 2354 sit
2013 2310 2123 2355 idem

399 2380 708 2434 quipraecedit
714 2382 960 2435 praefectus
970 2381 1156 2435 Aegyypti
1168 2380 1511 2435 mediisAuyusti
1526 2381 1793 2434 temporibus.
1812 2379 1880 2434 Cf.
1892 2380 1941 2423 Ο.
1949 2379 2124 2423 Hirsch-
2191 2370 2241 2435 253}

401 2448 490 2500 feld
507 2448 663 2491 Phi.lol
694 2452 903 2499 29,1870
924 2464 973 2504 p.
994 2453 1065 2493 27.
1096 2474 1153 2479 —-
1182 2449 1320 2491 Plane
1351 2450 1556 2491 incertum
1584 2462 1685 2490 num
1715 2449 1768 2491 ab
1799 2449 1876 2491 hoc
1907 2447 2148 2503 appellata·

401 2514 683 2558 Turraniana
703 2518 797 2572 pira
826 2517 942 2561 Plzn.
964 2517 1003 2559 h.
1025 2531 1067 2559 n.
1090 2520 1155 2568 15,
1176 2520 1242 2560 54.
1293 2517 1403 2559 Item
1431 2517 1637 2559 incertum
1667 2531 1726 2559 an
1755 2517 1792 2559 is
1821 2517 1896 2570 qui
1923 2517 2122 2570 sequitur.

316 2583 398 2624 298
430 2583 670 2626 Turranius
703 2585 901 2639 Gracilis,
935 2592 1061 2628 natus
1091 2600 1226 2641 prope
1258 2585 1414 2626 fretum
1447 2584 1712 2628 Gaditanum
1738 2584 1853 2627 Plin.
1884 2584 1924 2628 h.
1954 2598 1997 2628 n.
2016 2587 2056 2634 3,
2078 2587 2119 2635 3,

402 2657 551 2692 auctor
581 2652 799 2694 adhibitus
831 2669 856 2695 a
886 2653 1028 2695 Plinio
1060 2653 1113 2695 de
1143 2653 1276 2696 rebus
1306 2653 1554 2709 Hispanicis
1585 2652 1704 2694 Plin.
1735 2652 1775 2695 h.
1800 2667 1843 2694 n.
1863 2656 1902 2703 3,
1922 2655 1963 2695 3.
1993 2655 2033 2703 9,
2055 2655 2121 2695 11.

402 2721 469 2768 18,
491 2722 542 2761 75
574 2721 628 2773 cf.
650 2724 687 2770 1,
710 2725 750 2764 3.
775 2725 814 2764 9.
837 2725 904 2764 11.
954 2722 1169 2764 Incertum
1198 2736 1278 2775 quo
1305 2725 1487 2775 tempore
1506 2722 1670 2771 vixerit,
1703 2722 1757 2774 cf.
1785 2719 1946 2772 Teuffel
1963 2723 2061 2771 132,
2084 2723 2120 2764 6.

318 2785 401 2826 299
431 2786 672 2829 Turranius
708 2790 882 2831 Priscus
910 2785 1149 2846 (Τυράννιος
1180 2789 1398 2844 traditur),
1438 2789 1681 2845 praefectus
1713 2790 1930 2831 exercitus
1961 2788 2123 2846 (?c5·cpa-

401 2856 669 2912 τοπεῧάρχης)
700 2872 737 2898 a.
770 2858 838 2908 66,
870 2873 896 2899 a
927 2859 1079 2901 Gessio
1112 2857 1242 2899 Floro
1273 2864 1502 2913 corruptus
1533 2857 1676 2900 Cestio
1709 2857 1836 2901 Gallo
1877 2858 2034 2912 suasit,
2074 2863 2122 2899 ut

405 2922 718 2978 Hierosolymis
750 2925 1001 2967 abscederet
1020 2926 1184 2980 Ioseph.
1209 2926 1301 2968 bell.
1324 2929 1367 2976 2,
1389 2928 1454 2976 19,
1477 2929 1516 2967 4.
1578 2925 1657 2968 Vise
1677 2925 1787 2968 idem
1807 2926 1982 2968 Priscus
2002 2939 2123 2982 prae-

404 2988 541 3031 fectus
581 2998 819 3034 castrorum
859 2994 1143 3051 (στρατάρχης)
1175 2993 1356 3049 legionis
1387 3000 1557 3047 sextae,
1590 2995 1633 3035 in
1665 2993 1860 3036 discessu
1893 3009 1921 3037 a
1948 2993 2122 3037 Iudaeis
2200 2999 2233 3056 ..

405 3059 570 3099 occisus
600 3060 655 3102 ib.
690 3064 734 3110 2,
767 3064 830 3111 19,
861 3065 900 3103 7.
1460 3097 1463 3100 ,
2172 3089 2174 3091 ν

320 3124 402 3165 300
444 3125 517 3180 Sp.
564 3128 804 3170 Turranius
849 3130 1059 3173 Proculus
1106 3130 1345 3175 Gellianus.
1426 3131 1581 3173 Tituli:
1624 3131 1816 3173 Lavinas
1858 3130 1985 3173 XIV
2013 3133 2122 3174 4176

404 3193 576 3235 mutilus
606 3193 688 3249 (1)‚·
728 3196 1013 3250 Pompeianus
1052 3199 1100 3240 X
1124 3202 1210 3241 797
1237 3199 1313 3254 (2).
1385 3199 1549 3241 Nomen
1587 3199 1797 3253 inteyrwm
1837 3202 1865 3241 t.
1898 3201 1950 3255 2,
1995 3232 2032 3242 ..
2052 3232 2062 3242 .
2081 3232 2119 3242 ..
2156 3188 2232 3252 'f‘-

406 3259 616 3303 Proculus
649 3295 658 3304 .
677 3295 686 3304 .
705 3296 714 3305 .
733 3296 742 3305 .
773 3268 959 3317 superest
986 3269 1014 3307 t.
1046 3269 1085 3307 1.
1144 3266 1196 3309 L.
1227 3266 1269 3321 f.,
1304 3266 1376 3323 Sp.
1410 3282 1465 3317 n.‚
1496 3267 1547 3310 L.
1579 3281 1793 3323 pronepos
1825 3270 1851 3309 t.
1883 3270 1926 3311 2.
1981 3266 2122 3310 Tribu

406 3326 511 3370 Fab.
535 3331 563 3369 t.
586 3333 624 3372 1.
645 3333 688 3372 2.
735 3331 985 3374 Praefectus
1017 3333 1188 3375 fabrum
1214 3335 1281 3376 bis
1313 3338 1340 3378 t.
1361 3338 1404 3378 2.
1450 3334 1702 3377 Praefectus
1733 3341 1979 3377 curatorum
2009 3333 2122 3377 alvei
