2242 3672
150 265 404 303 SVLPICIVS
1015 259 1100 302 289
1713 269 1967 308 SVLPICIVS

231 395 328 444 ecel.
350 403 388 455 1,
410 401 448 451 5,
480 398 623 443 chron.
654 412 687 442 S.
721 412 761 441 a.
783 400 898 442 2015
925 397 1048 453 (vers.
1069 398 1205 454 Arm„
1238 399 1487 456 Hieronym.
1509 413 1542 444 s.
1566 415 1606 444 a.
1627 404 1750 457 2016,
1784 401 1966 458 Syneell.

226 484 274 525 p.
304 468 419 523 598),
452 467 601 511 eoei'nde
632 467 724 510 alii.
789 468 932 510 ‘Iussu
964 466 1137 521 Quirini
1178 483 1356 511 censum
1385 468 1637 526 Apamenae
1675 471 1864 514 civitatis
1904 472 1969 527 (in

233 537 385 593 Syria)
426 537 530 592 egit’
575 535 628 590 Q.
669 535 882 579 Aemilius
919 535 1147 579 Secundus
1187 537 1433 594 praefectus
1474 538 1662 582 cohortis
1703 543 1731 582 t.
1761 543 1813 592 1;
1853 540 1966 583 idem

233 607 384 650 ‘missu
414 606 587 660 Quirini
619 605 832 648 adversus
862 605 1061 648 Ituraeos
1093 606 1138 647 in
1168 605 1339 649 Libano
1369 614 1530 650 monte‘
1563 611 1780 665 pugnavit
1809 610 1866 653 ib.

314 675 510 719 Uxorem
541 673 695 717 habuit
722 672 992 728 (Aemiliam)
1024 674 1237 730 Lepidam
1265 675 1363 718 Tae.
1388 690 1427 718 a.
1458 679 1498 728 3,
1529 680 1605 728 22,
1639 677 1756 721 Suet.
1784 678 1877 722 Tib.
1897 682 1964 730 49,

226 744 463 802 aliquando
504 743 765 786 destinatam
804 742 856 785 L.
888 742 1066 786 Caesari
1104 744 1202 786 Tae.
1236 759 1275 787 a.
1306 747 1346 796 3,
1377 748 1437 789 23
1477 745 1662 800 (violetur
1701 747 1834 802 iyitur
1873 763 1966 792 earn

226 814 396 858 duxisse
433 827 519 857 non
558 815 656 856 ante
697 826 856 855 annum
896 815 987 863 755,
1030 826 1111 867 quo
1149 814 1201 856 L.
1244 812 1404 856 Caesar
1443 815 1663 869 defunctus
1702 818 1792 872 est),
1835 832 1967 874 quam

225 879 384 926 deinde
404 882 569 925 dimisit
590 882 687 925 Tae.
706 895 746 924 a.
763 884 804 932 3,
822 885 898 933 22,
918 881 1035 925 Suet.
1059 881 1084 925 l.
1108 895 1156 933 e.‚
1190 889 1233 925 et
1253 898 1383 940 quam
1406 889 1568 940 postea,
1593 900 1706 928 anno
1728 900 1770 942 p.
1789 885 1892 930 Chr.
1910 888 1966 929 20

226 953 287 1008 (u.
321 967 358 995 c.
391 951 492 1006 773)
530 951 628 994 Tae.
662 950 779 1007 (post
809 951 1071 1006 vigesimum
1111 966 1274 994 annum
1306 952 1446 1004 Suet„
1484 954 1626 996 minus
1667 958 1886 1006 accurate,
1927 957 1968 998 si

222 1035 317 1065 vere
357 1035 454 1064 eam
494 1020 617 1063 duxit
656 1033 741 1062 non
784 1023 881 1062 ante
918 1034 958 1062 a.
991 1022 1102 1074 755),
1141 1020 1298 1063 detulit
1338 1023 1616 1079 supposuisse
1654 1030 1829 1080 partum
1863 1024 1963 1067 Tae.

228 1091 255 1134 l.
287 1104 335 1145 e.,
368 1091 471 1133 item
500 1089 658 1131 veneni
690 1090 735 1131 in
766 1103 811 1131 se
843 1090 1078 1146 comparati
1110 1089 1223 1133 Suet.
1257 1090 1283 1132 l.
1315 1104 1349 1133 e.
1388 1092 1441 1145 ef.
1479 1092 1577 1134 Tae.
1609 1095 1648 1143 3,
1679 1096 1750 1136 23.
1779 1118 1832 1123 --
1861 1092 1962 1136 Pro-

227 1161 416 1217 pinquus
440 1159 501 1204 M.
525 1159 660 1201 Drusi
681 1158 875 1213 Libonis,
909 1159 983 1214 qui
1015 1160 1054 1200 ei
1083 1174 1122 1202 a.
1144 1174 1183 1216 p.
1206 1158 1308 1202 Chr.
1335 1161 1387 1203 16
1413 1175 1636 1217 supremas
1662 1161 1717 1204 ad
1738 1161 1964 1205 Tiberium

231 1243 383 1286 preces
412 1227 638 1270 mandavit
674 1228 772 1270 Tac.
806 1241 846 1272 a.
878 1231 921 1278 2,
949 1230 1018 1270 30.
1053 1253 1105 1258 —
1139 1227 1297 1279 Orbus,
1330 1228 1455 1271 dives
1492 1230 1590 1272 Tae.
1622 1244 1661 1274 a.
1683 1233 1721 1281 3,
1743 1234 1817 1282 22,
1848 1231 1963 1275 Suet.

229 1297 324 1342 Tib.
354 1301 423 1342 49.
489 1296 693 1340 ‘Sordida
733 1302 776 1339 et
811 1302 1070 1353 praepotens
1101 1303 1290 1340 senecta'
1323 1298 1415 1340 eius
1447 1298 1548 1342 Tae.
1579 1302 1618 1350 3,
1649 1303 1716 1342 48.
1777 1300 1965 1342 Moritur

225 1383 264 1411 a.
294 1368 362 1423 21,
397 1373 440 1410 et
470 1365 647 1424 publico
677 1365 833 1408 funere
863 1365 1001 1408 elatus
1024 1365 1126 1409 Tae.
1159 1366 1185 1409 l.
1217 1380 1250 1409 e.
1297 1366 1495 1422 Sepultus
1523 1367 1689 1411 videtur
1719 1382 1805 1412 esse
1826 1383 1965 1424 prope

269 1437 276 1445 '
332 1450 369 1487 r,
419 1469 429 1478 .
460 1438 500 1479 1.

141 1436 478 1562 733TSblilpigius
499 1503 651 1557 Rufus,
685 1502 778 1546 ludi
807 1508 1075 1560 procurator,
1109 1509 1157 1546 ut
1178 1504 1377 1547 conscius
1400 1503 1666 1560 flagitiorum
1687 1505 1962 1549 Messallinae

225 1574 478 1618 interfectus
508 1589 548 1617 a.
579 1573 634 1616 48
670 1572 770 1616 Tae.
802 1587 843 1615 a.
875 1575 942 1623 11,
972 1575 1039 1615 35.

143 1645 226 1690 734
256 1652 300 1690 Τ.
325 1649 580 1687 SVLPICIVS
605 1648 834 1685 SERANVS
867 1642 1149 1697 (praenomen
1162 1642 1451 1697 perscriptum
1472 1643 1517 1686 in
1539 1644 1587 1699 t.)
1609 1644 1872 1688 clarissimus
1894 1646 1963 1687 vir

225 1717 253 1758 t.
275 1714 481 1764 urbanus,
512 1712 660 1755 Roern.
693 1711 843 1754 Mitth.
874 1713 986 1754 1888
1006 1726 1055 1766 p.
1078 1714 1136 1754 97
1162 1731 1218 1746 Ξ
1251 1710 1321 1755 VI
1340 1714 1491 1755 31769.

139 1783 222 1828 735
255 1782 302 1828 C.
326 1781 546 1840 Sulpicius
569 1780 745 1826 Similis.
780 1781 1052 1824 Memoratur
1072 1782 1118 1824 in
1139 1781 1276 1824 titulis
1291 1780 1570 1836 Aeyyptiaeis
1587 1783 1677 1825 III
1688 1786 1747 1827 24
1762 1803 1818 1818 =
1836 1783 1906 1826 01
1907 1783 1960 1827 G.

219 1855 354 1896 47130
384 1851 456 1908 (1).
495 1850 620 1894 OIG.
650 1853 781 1902 4714,
824 1850 973 1892 melius
1009 1864 1079 1905 ap.
1109 1850 1312 1905 Lepsiurn
1341 1849 1604 1894 Denkmaler
1635 1865 1713 1895 aus
1742 1851 1963 1908 Aeyypten

220 1920 352 1964 Abth.
383 1920 452 1964 VI
475 1920 569 1976 (vol.
600 1919 726 1974 XII)
758 1918 834 1974 fol.
867 1921 918 1962 75
951 1933 993 1962 n.
1026 1922 1084 1963 24
1115 1920 1193 1975 (2).
1257 1919 1351 1961 Aut
1387 1919 1497 1962 idem
1538 1924 1633 1972 aut,
1675 1921 1788 1975 quod
1825 1922 1962 1976 mayi's

220 1989 482 2041 crediderim,
525 1988 638 2032 alius
667 1987 850 2031 eiusdem
878 1988 1062 2031 nominis
1102 1991 1362 2031 memoratur
1392 1987 1461 2031 VI
1481 1991 1617 2032 31865
1649 1987 1721 2042 (z
1750 1989 1963 2044 Boryhesi

222 2074 318 2115 opp.
347 2062 387 2110 3,
418 2061 588 2103 236-
618 2057 823 2100 Huebner
853 2071 915 2100 ex.
946 2071 1027 2100 ser.
1058 2057 1160 2112 328)
1187 2058 1260 2114 (3).
1330 2056 1537 2101 Fortasse
1568 2058 1626 2101 acl
1655 2073 1747 2101 euni
1775 2059 1962 2114 pertinet

227 2128 297 2173 VI
316 2131 403 2173 259
433 2127 505 2184 (4).

307 2196 469 2241 Similis
490 2195 592 2251 Dio,
623 2197 695 2238 vit.
717 2194 872 2251 Hadr„
902 2199 929 2238 t.
951 2198 990 2247 4,
1024 2190 1245 2252 Sulpicius
1266 2196 1430 2241 Similis
1453 2200 1481 2241 t.
1503 2199 1541 2247 3,
1563 2197 1717 2252 frayrn.
1742 2196 1835 2240 Vat.
1852 2200 1961 2248 233;

222 2268 252 2311 Γ
255 2270 338 2314 οίιος
359 2267 596 2313 Σουλπίκιος
616 2266 754 2322 Σίμιος
775 2268 802 2307 t.
824 2268 867 2318 2,
901 2264 1120 2322 Sulpicius
1143 2264 1303 2308 Simius
1334 2269 1362 2309 t.
1383 2269 1421 2322 1,
1455 2267 1622 2323 Σίμμιος
1634 2279 1830 2321 papyrus
1849 2280 1958 2308 nune

220 2335 513 2379 Berolinensis
538 2334 662 2390 (Urk.
688 2348 766 2377 aus
791 2333 830 2379 d.
852 2334 1008 2390 lconiyl.
1033 2334 1213 2377 Museen
1238 2349 1279 2377 n.
1301 2338 1381 2378 140
1408 2349 1445 2378 v.
1470 2338 1555 2391 10),
1587 2335 1663 2378 ubi
1687 2335 1797 2378 hune
1826 2335 1957 2389 siqni-

219 2405 348 2460 fieari
384 2403 491 2447 vidit
527 2402 696 2446 Paulus
736 2403 898 2459 Meyer.
971 2403 1172 2458 Apparet
1215 2418 1440 2459 eoynornen
1484 2404 1688 2446 Latinum
1733 2419 1760 2446 a
1805 2404 1958 2446 scribis

217 2473 496 2529 Aeyyptiaeis
543 2472 728 2515 sermoni
774 2472 940 2516 Graeco
983 2472 1236 2527 adaptatum
1281 2487 1366 2516 esse
1412 2473 1567 2529 (minus
1611 2476 1722 2516 reete
1763 2477 1811 2515 ut
1847 2476 1955 2527 puto

220 2543 285 2588 W.
306 2542 507 2587 Schwarz
538 2541 695 2586 Jahrb.
718 2545 748 2593 f.
782 2541 906 2586 elass.
929 2541 1043 2585 Phil.
1067 2545 1176 2586 1895
1198 2558 1246 2598 p.
1263 2546 1343 2586 640
1376 2543 1585 2586 diversum
1608 2546 1740 2598 putat
1770 2542 1954 2586 Sinzium

220 2627 248 2655 a
269 2611 450 2666 Simile).
468 2635 526 2641 ——
547 2611 641 2654 Iam
663 2625 760 2653 cum
781 2612 977 2654 centurio
998 2611 1217 2666 militaret,
1250 2627 1276 2654 a
1298 2612 1485 2655 Traiano
1514 2613 1559 2654 in
1585 2612 1748 2654 honore
1779 2610 1954 2653 habitus

219 2681 264 2736 (a
283 2682 471 2724 Traiano
501 2682 615 2723 intro
638 2686 818 2723 vocatus
849 2687 949 2724 ante
975 2680 1217 2738 praefectos
1249 2682 1483 2739 praetorio)
1506 2681 1595 2725 Dio
1616 2685 1681 2733 69,
1704 2685 1756 2724 19
1781 2687 1882 2736 (eoee.
1906 2681 1955 2723 de

215 2751 337 2801 virt.,
369 2749 526 2805 Xiph„
559 2749 720 2794 Zonar.
750 2753 817 2801 11,
848 2752 947 2806 24);
992 2764 1077 2793 exe.
1111 2751 1160 2793 de
1189 2751 1430 2802 sententiis,
1472 2751 1561 2794 Dio
1593 2751 1654 2794 eol.
1687 2750 1888 2804 Dindorf
1912 2749 1954 2792 V

206 2833 256 2874 p.
272 2821 371 2863 203.
402 2818 656 2862 Praefectus
677 2833 898 2861 annonae:
921 2820 1181 2876 rescriptum
1203 2820 1382 2863 Traiani
1404 2820 1460 2863 ad
1482 2835 1580 2863 eum
1603 2820 1656 2862 de
1681 2820 1952 2861 immunitate

214 2888 426 2944 pistorum
465 2889 571 2930 citat
609 2887 822 2942 Ulpianus
867 2888 917 2932 de
948 2889 1092 2944 offleio
1120 2890 1342 2944 praetoris
1373 2889 1569 2932 tutelaris
1599 2888 1672 2943 (fr.
1716 2888 1808 2931 Vat.
1839 2887 1951 2941 233).

216 2955 470 2999 Praefectus
501 2955 692 3013 Aegypti
728 2971 841 2999 anno
876 2957 1054 2999 Traiani
1085 2957 1340 3000 duodecimo
1372 2958 1537 3013 (108s9)
1570 2961 1598 3000 t.
1622 2962 1660 3002 1.
1682 2961 1713 3000 2
1723 2970 1736 3008 ‚·
1766 2955 1820 2999 ad
1854 2970 1950 2998 eum

217 3023 505 3079 (praefectum
524 3024 712 3080 Aeyypti
738 3026 830 3068 sine
861 3025 1007 3082 dubio)
1039 3025 1142 3069 data
1173 3026 1358 3083 epistula
1388 3027 1566 3069 Traiani
1591 3038 1787 3080 papyrus
1817 3024 1950 3066 Bero-

215 3092 388 3136 linensis
428 3093 499 3148 (ef.
538 3093 702 3149 supra).
774 3093 1026 3137 Praefectus
1066 3096 1285 3151 praetorio
1326 3095 1415 3138 Dio
1457 3095 1482 3138 l.
1522 3109 1581 3145 e.,
1625 3094 1704 3136 sub
1748 3092 1947 3143 Traiano,

214 3160 381 3217 collega
425 3161 563 3206 Caelii
607 3161 798 3217 Attiani3
842 3177 1066 3205 successor
1112 3164 1151 3205 ei
1192 3163 1247 3206 ab
1288 3163 1513 3206 Hadriano
1561 3162 1687 3204 datus
1733 3160 1948 3216 Septicius

216 3229 370 3273 Clarus
400 3231 470 3273 vit.
501 3230 641 3275 Hadr.
672 3234 711 3282 9,
742 3234 831 3275 3-5
869 3232 1051 3286 (invitus
1081 3232 1399 3288 praefecturam
1431 3232 1599 3287 accepit
1630 3237 1671 3272 et
1706 3228 1844 3270 libens
1877 3227 1946 3268 dc-

138 3319 142 3323 ·
214 3299 357 3355 posuit
375 3298 488 3351 Di0‚·
517 3300 761 3357 praefectus
783 3301 1002 3356 praetorio
1028 3299 1166 3342 factus
1195 3300 1250 3342 ab
1272 3300 1498 3343 Hadriano
1521 3313 1607 3341 exe.
1630 3298 1797 3351 Saum).
1839 3297 1945 3338 Ruri

214 3374 364 3423 postea
393 3367 513 3423 degit
541 3383 677 3411 annos
708 3375 884 3425 septem,
918 3368 1056 3412 donec
1086 3375 1282 3412 mortuus
1314 3375 1379 3411 est
1399 3367 1487 3411 Dio
1513 3367 1538 3411 l.
1560 3381 1592 3411 e.
1628 3366 1805 3419 (Zonar.
1829 3364 1855 3407 l.
1879 3365 1944 3417 e.).

198 3438 478 3476 Prosopographia
495 3440 577 3476 Imp.
597 3441 689 3469 Rom.
726 3440 789 3470 m.
1630 3434 1672 3470 19
