2242 3672
292 265 474 303 VARIVS
1148 251 1232 295 386
1910 255 2094 294 VARIVS
2110 271 2112 273 >

381 398 492 440 cium
517 396 676 439 Seneca
698 408 760 448 ep.
790 397 857 444 40,
891 396 930 435 9.
978 390 1111 434 Aliud
1143 390 1307 431 dictum
1338 388 1429 430 eius
1461 387 1746 442 Hieronymus
1776 386 1803 430 l.
1834 401 1868 433 c.
1919 385 2096 447 Cassius

379 466 564 509 Severus
596 477 694 504 eum
724 461 963 503 admiratur
991 459 1149 502 Seneca
1185 470 1297 502 suas,
1329 459 1368 508 6,
1399 459 1465 499 11.
1532 455 1761 498 Declamat
1791 455 1952 500 Seneca
1982 469 2096 499 suas.

377 537 487 584 6,11
508 545 602 585 seq„
635 543 719 572 exc.
752 531 882 572 contr.
914 531 952 578 4,
984 529 1024 578 8,
1057 529 1188 570 contr.
1213 528 1311 576 7,1,
1338 527 1388 567 18
1417 528 1458 568 et
1487 524 1606 575 alibi,
1639 525 1694 579 cf.
1724 524 1810 567 inol.
1844 524 2100 580 Kiesslinyii

442 602 2034 643 555..

294 616 446 712 188190.
478 672 659 709 VARIVS
690 664 895 719 IVL(IVS)
921 668 1180 705 PROCVLVS
1208 661 1257 706 G.
1290 661 1332 717 f.,
1366 661 1484 705 tribu
1514 662 1659 705 Pom.·
1650 667 1875 719 ,praetor
1905 666 1933 708 t.
1963 675 2100 739 mae

376 752 425 780 ex
455 736 673 779 alabastro
703 733 910 776 Londinii
938 735 1178 775 asservatae
1220 730 1289 775 VI
1309 733 1428 775 1535.

297 807 376 849 189
406 805 568 848 Varius
598 803 760 857 Ligur:
791 809 969 858 propter
999 800 1259 843 adulterium
1285 815 1381 843 cum
1405 815 1454 842 eo
1476 801 1751 844 commissum
1773 798 1950 857 Aquilia
1969 813 2098 857 quae-

377 874 474 916 dam
516 872 721 914 damnata
759 886 797 913 a.
830 872 884 913 25
927 870 1025 913 Tac.
1057 883 1096 914 a.
1127 872 1166 920 4,
1197 872 1267 913 42.
1328 867 1381 914 Α.
1414 869 1470 912 34
1508 870 1739 926 pecuniam
1779 868 1949 911 dedisse
1988 868 2100 911 dice-

377 943 504 985 batur
546 939 869 983 accusatoribus
915 938 1124 981 Mamerci
1173 937 1349 993 Scauri,
1401 944 1449 980 ut
1492 939 1810 980 accusationem
1855 938 2101 981 omitterent

377 1011 432 1054 ib.
465 1013 502 1060 6,
533 1013 600 1053 30.
661 1008 864 1051 Fortasse
904 1007 1021 1062 filius
1058 1006 1242 1061 Valerii,
1283 1009 1331 1049 ut
1360 1006 1559 1057 traditur,
1591 1007 1788 1062 Li9uris,
1827 1006 1901 1061 qui
1935 1005 2101 1049 videtur

376 1079 507 1132 fuisse
529 1079 773 1132 praefectus
794 1076 1018 1131 praetorio
1047 1076 1123 1118 sub
1146 1075 1353 1130 Auyusto,
1386 1076 1438 1129 cf.
1470 1089 1605 1130 supra
1631 1076 1708 1118 sub
1740 1075 1909 1118 Valerio
1929 1075 2100 1131 Liywre.

377 1148 485 1190 Item
513 1147 692 1200 fortasse
721 1145 868 1200 hich.
891 1145 1051 1187 Varius
1081 1144 1130 1188 P.
1164 1144 1193 1187 f.
1221 1143 1345 1186 Aem.
1376 1144 1514 1200 Ligus
1544 1144 1671 1193 filius,
1703 1145 1778 1200 qui
1808 1143 1951 1187 Albae
1977 1142 2102 1186 Pom-

377 1216 498 1272 peiae
535 1221 721 1257 statuam
751 1214 897 1270 posuit
925 1213 992 1255 Ti.
1025 1212 1202 1256 Caesari
1233 1213 1371 1255 Drusi
1400 1212 1501 1267 filio,
1534 1212 1699 1255 Tiberii
1728 1213 1875 1270 nepoti
1914 1211 2100 1273 V-7598.

293 1285 375 1326 190
405 1283 565 1325 Varius
586 1281 795 1325 Lucullus
828 1281 987 1335 (Varro
1008 1280 1220 1323 Lucullus
1241 1294 1321 1323 scr.
1346 1281 1584 1324 Mommsen
1592 1295 1606 1333 ;
1628 1281 1696 1324 M.
1722 1280 1945 1323 Terentius
1963 1278 2101 1322 Vwro

376 1351 580 1394 Lucullus
618 1351 757 1404 frater
795 1351 939 1403 fuerat
975 1349 1027 1392 L.
1058 1349 1223 1391 Licinii
1260 1349 1451 1400 Luculli,
1494 1349 1639 1392 consul
1680 1363 1720 1392 a.
1749 1363 1791 1393 u.
1823 1362 1856 1393 c.
1888 1350 1970 1395 681
2007 1360 2101 1391 cum

378 1420 421 1463 C.
449 1419 597 1463 Cassio
618 1418 842 1472 Lonqino),
874 1419 980 1461 iuris
1001 1417 1223 1461 consultus
1243 1425 1292 1461 ut
1316 1418 1502 1470 videtur,
1533 1420 1655 1461 cuius
1677 1419 1935 1461 sententiam
1957 1415 2102 1460 attulit

377 1489 528 1531 Aristo
563 1487 679 1542 apud
703 1487 982 1541 Pomponium
1023 1486 1132 1530 libro
1170 1487 1294 1530 tertio
1325 1487 1383 1529 ad
1412 1486 1634 1538 Sabinum,
1665 1486 1768 1542 Diy.
1797 1489 1866 1538 41,
1896 1489 1936 1538 1,
1966 1488 2033 1531 19.

295 1559 371 1601 191
405 1563 587 1600 VARIVS
618 1562 875 1598 MACRINVS
908 1555 1064 1598 adfinis
1096 1556 1246 1599 Severi
1277 1555 1543 1610 Alexandri,
1585 1571 1663 1613 per
1693 1570 1822 1613 quem
1860 1556 2101 1612 imperante

377 1625 628 1669 Alexandro
660 1640 728 1667 res
760 1624 945 1667 feliciter
973 1631 1122 1679 gestae
1152 1632 1253 1667 sunt
1283 1626 1327 1666 in
1347 1624 1524 1681 Illyrico
1545 1626 1616 1668 vit.
1638 1625 1762 1670 Alex.
1783 1627 1854 1676 58,
1877 1628 1916 1669 1.
1959 1623 2103 1667 Possis

378 1695 561 1749 coyitare
592 1694 641 1737 cle
672 1694 888 1747 MacrinO,
920 1694 994 1748 qui
1021 1707 1138 1736 socer
1164 1693 1410 1737 Alexandri
1436 1694 1567 1749 fuisse
1598 1694 1765 1744 dicitur,
1796 1694 1852 1737 ib..
1872 1696 1940 1745 49,
1959 1695 2001 1743 3,
2030 1690 2105 1734 sed

378 1763 433 1816 cf.
463 1776 598 1817 supra
625 1763 702 1805 sub
730 1762 951 1805 Sallustio.

295 1830 374 1873 192
408 1837 514 1875 SEX.
545 1837 726 1873 VARIVS
758 1836 1075 1873 MARCELLVS.
1132 1830 1298 1874 Titulus
1327 1830 1571 1885 Veliternus,
1607 1800 1809 1886 bilinyuis
1836 1830 1886 1875 X
1902 1832 2008 1874 6569
2028 1827 2102 1882 (1).

382 1899 649 1942 Memoratur
679 1901 723 1941 in
752 1899 899 1954 fistula
920 1899 1124 1954 plumbea
1149 1899 1321 1942 urbana
1345 1899 1462 1942 Bull.
1486 1900 1702 1943 comunale
1722 1901 1834 1943 1888
1854 1914 1901 1954 Ρ.
1923 1901 2005 1942 180
2026 1896 2103 1954 (2).

386 1968 490 2010 Tria
518 1969 693 2011 nomina
722 1972 748 2012 t.
781 1972 817 2022 1,
855 1968 1014 2010 Varius
1043 1967 1276 2010 Marcellus
1308 1972 1335 2011 t.
1364 1971 1407 2019 2,
1438 1968 1527 2011 Dio
1558 1969 1742 2022 (Σέξστος
1772 1971 1800 2013 t.
1838 1967 2106 2011 Vasionensis

380 2036 487 2079 XII
508 2040 631 2087 1277,
671 2051 790 2090 quem
831 2036 888 2078 acl
925 2037 1035 2079 hunc
1073 2036 1238 2079 rettulit
1265 2037 1496 2088 Renierus,
1540 2037 1614 2080 sed
1650 2037 1836 2088 iniuria,
1866 2039 1916 2079 ut
1942 2034 2107 2078 iudicat

381 2105 660 2159 Hirschfeld).
739 2105 934 2162 Apamea
986 2105 1140 2162 Syriae
1190 2105 1402 2148 oriundus
1451 2105 1540 2148 Dio
1584 2108 1656 2160 78,
1700 2109 1765 2150 30.
1845 2105 2108 2148 Procurator

382 2188 591 2230 aquarum
637 2175 908 2216 centenarius
955 2177 982 2218 t.
1021 2177 1070 2225 1,
1115 2164 1370 2231 procurator
1411 2189 1623 2231 aquarum
1660 2177 1689 2216 t.
1735 2178 1768 2217 2
1806 2173 1935 2230 (inter
1974 2185 2108 2215 armos

381 2244 464 2285 198
492 2246 531 2285 et
559 2246 659 2297 209,
690 2243 852 2285 scilicet
881 2243 1189 2297 imperantibus
1219 2243 1372 2286 Severo
1404 2246 1443 2285 et
1471 2242 1716 2296 Caracalla,
1750 2242 1862 2286 Geta
1891 2242 2108 2285 etiamtum

384 2310 585 2361 Caesare,
629 2314 657 2353 t.
688 2310 759 2364 2);
804 2318 1059 2367 procurator
1104 2312 1355 2367 provinciae
1394 2311 1646 2354 Britanniae
1683 2311 1943 2354 ducenarius
1986 2312 2016 2353 t.
2051 2313 2108 2362 1,·

382 2385 637 2436 procurator
680 2381 859 2422 rationis
901 2381 1098 2436 privatae
1129 2381 1392 2422 trecenarius
1425 2383 1452 2425 t.
1485 2384 1512 2423 1
1552 2380 1704 2435 (variis
1734 2377 2109 2436 procurationibus

379 2447 552 2490 functus
581 2447 670 2490 Dio
702 2448 727 2492 l.
758 2449 824 2502 c.).
873 2448 982 2491 Vice
1013 2447 1333 2505 praefectorum
1363 2449 1576 2506 praetorio
1607 2455 1650 2491 et
1679 2447 1778 2492 urbi
1809 2447 2040 2495 functust.
2068 2450 2107 2491 1.

381 2516 432 2557 In
474 2522 684 2558 senatum'
710 2516 901 2559 adlectus
938 2516 1049 2569 Dio,·
1091 2517 1353 2560 clarissimus
1394 2518 1462 2559 vir
1502 2520 1531 2560 t.
1564 2521 1600 2559 1.
1661 2516 1913 2560 Praefectus
1953 2515 2109 2573 aerarii

381 2583 580 2626 militaris
627 2587 655 2627 t.
687 2588 724 2627 1.
789 2586 983 2640 Legatus
1023 2584 1206 2640 legionis
1246 2586 1315 2628 III
1354 2585 1600 2641 Augustae,
1644 2582 1818 2642 praeses
1858 2584 2109 2642 provinciae
2147 2586 2150 2591 '
2213 2565 2233 2590 ³

382 2651 612 2694 Numidiae
643 2656 670 2696 t.
703 2656 742 2695 1.
797 2653 983 2696 Maritus
1009 2653 1146 2696 Iuliae
1179 2653 1447 2698 Soaemiadis
1478 2654 1711 2696 Bassianae
1743 2657 1771 2697 t.
1801 2657 1851 2705 1,·
1877 2653 1985 2715 ‘Dio
2015 2652 2042 2698 l.
2073 2665 2107 2696 c,

385 2720 515 2761 Pater
556 2720 841 2777 complurium
880 2721 1116 2765 liberorum
1147 2725 1174 2764 t.
1205 2725 1231 2765 1
1249 2757 1259 2775 ‚
1301 2728 1423 2779 pater
1451 2722 1573 2764 Aviti
1604 2722 1867 2777 (Elagabali)
1898 2721 1987 2766 Dio
2015 2721 2043 2765 l.
2073 2735 2108 2766 c.

384 2787 628 2830 Defunctus
659 2796 758 2831 ante
788 2805 950 2832 annum
984 2791 1066 2833 218
1097 2790 1186 2833 Dio
1218 2790 1282 2846 (iol
1309 2791 1420 2845 quod
1449 2791 1576 2833 etiam
1607 2805 1658 2833 ex
1692 2794 1718 2833 t.
1751 2794 1777 2833 1
1807 2789 2050 2846 colliyitur).

303 2855 381 2897 193
414 2889 451 2897 ..
485 2856 694 2911 [V]ARIVS
734 2864 894 2901 RVFVS
937 2859 1088 2915 (Varii
1122 2873 1272 2902 nomen
1310 2859 1606 2914 suppleverunt
1648 2859 1849 2911 editores‚·
1891 2871 1984 2902 sero
2021 2857 2112 2901 vidi

385 2925 512 2966 etiam
552 2925 600 2967 de
645 2926 773 2968 Tario
813 2926 932 2981 Rufo
968 2941 1091 2982 posse
1133 2927 1329 2982 coyitari)
1374 2927 1605 2984 proconsul
1650 2927 1788 2984 Cypri
1829 2930 1858 2973 t.
1899 2926 2106 2982 Paphius,

384 2991 573 3035 Journal
602 2994 653 3047 of
675 2994 770 3036 hell.
801 2995 958 3038 studies
987 2999 1026 3047 9,
1058 2999 1169 3039 1888
1188 3011 1237 3051 p.
1257 2999 1358 3039 239.

303 3060 384 3102 194
414 3061 462 3103 L.
482 3062 641 3103 Varius
665 3062 802 3105 Rufus
821 3064 890 3117 (L.
909 3065 1069 3106 Varius
1091 3071 1375 3120 cognomento
1399 3064 1536 3108 Rufus
1555 3065 1756 3116 scholion,
1771 3064 1883 3118 quod
1901 3078 1952 3108 ex
1971 3063 2110 3107 codice

385 3129 563 3182 quodam
583 3130 786 3173 Parisino
808 3132 868 3174 ecl.
888 3133 1178 3176 Schneidewin
1197 3147 1302 3176 mus.
1324 3133 1459 3176 Rhen.
1482 3137 1520 3184 1,
1543 3136 1655 3177 1842
1673 3148 1722 3188 Ρ.
1737 3136 1819 3175 107
1838 3133 1893 3187 cf.
1910 3136 1996 3187 2Ρ.
2013 3133 2108 3182 638,

386 3196 435 3237 L.
467 3197 625 3240 Varius
656 3199 813 3253 Porph.
846 3200 904 3242 acl
934 3201 1042 3245 Hor.
1066 3216 1194 3244 carm.
1217 3206 1255 3253 1,
1279 3205 1317 3253 6,
1339 3207 1376 3257 1,
1410 3202 1606 3250 Macrob.
1628 3205 1708 3247 sat.
1730 3205 1773 3253 2,
1799 3205 1839 3253 4,
1859 3205 1903 3252 2,
1934 3201 2111 3255 itemque

385 3267 432 3305 ut
459 3265 621 3307 videtur
656 3267 796 3320 Quint
829 3271 866 3322 6,
898 3271 936 3318 3,
972 3272 1034 3323 78,
1069 3270 1145 3312 ubi
1174 3270 1224 3312 L.
1250 3271 1421 3313 Vareus
1452 3271 1632 3334 optimus
1661 3270 1768 3325 cod„
1803 3269 1912 3313 alibi
1938 3268 2108 3323 Varius,

388 3332 530 3373 Varus
556 3333 672 3389 Very.
697 3336 784 3377 buc.
807 3339 846 3378 9.
866 3339 918 3378 35
940 3337 1134 3391 plerique
1164 3338 1335 3390 codices,
1367 3340 1466 3382 item
1487 3353 1642 3395 paney.
1664 3339 1710 3381 in
1729 3337 1822 3381 Pis.
1836 3337 1952 3393 239),
1979 3342 2109 3394 poeta
