2242 3672
283 236 523 273 VEIANIVS
1141 222 1226 268 392
1904 226 2092 264 VELIVS

369 368 485 422 epist.
518 370 555 417 1,
587 370 625 416 1,
656 368 695 407 4.
733 387 782 395 -
822 361 1074 405 Veianiolus
1110 360 1372 415 adseripmm
1407 358 1465 401 acl
1497 358 1724 414 imaginem
1754 357 2014 413 yladiatoris
2046 358 2094 401 in

368 436 539 478 lucerna
560 435 701 489 (quam
722 434 859 474 aetate
875 430 1064 485 Auyusti
1081 430 1244 483 factam
1266 431 1396 483 putat
1416 426 1620 482 Dressel),
1640 426 1690 470 X
1697 426 1740 470 V
1751 429 1862 471 6247
1883 426 1956 483 (=
1975 425 2092 472 Bull-

367 505 463 546 inst.
496 502 611 545 arch.
643 504 751 544 1874
772 514 819 553 p.
842 500 952 554 146).

286 573 367 615 218
399 572 607 614 Veianius
648 569 807 623 Niger,
850 566 1048 609 tribunus
1090 565 1298 620 (cohortis
1341 563 1625 622 praetoriae):
1675 564 1714 606 ei
1755 563 1872 606 Nero
1910 577 2095 621 poenam

371 638 516 683 Subrii
549 637 676 680 Flavi
705 635 931 678 mandavit
965 635 1063 678 Tae.
1091 649 1131 677 a.
1153 637 1217 685 15,
1241 637 1307 677 67.

296 733 352 738 —-
394 715 439 749 A.
472 712 640 748 DIDIVS
673 711 866 747 GALLVS
897 709 1163 746 FABRICIVS
1193 707 1431 745 VEIENTO.

286 775 367 817 219
397 778 794 815 VELDVMNIANVS
828 771 978 814 consul
1010 771 1100 814 ord.
1132 786 1169 815 a.
1192 771 1275 813 272
1306 784 1405 812 cum
1434 769 1591 823 Quieto
1622 769 1739 823 fasti,
1771 769 1827 823 ef.
1856 782 1991 824 supra
2017 769 2096 812 sub

369 842 495 884 Iunio
527 840 845 884 Veldumuiauo.

300 935 356 940 —
400 915 569 952 IVNIVS
598 914 1013 951 VELDVMNIANVS.

302 1003 357 1008 —
402 978 556 1021 Vibius
587 977 946 1027 Veldumnianus.

302 1070 353 1076 --
398 1053 500 1088 IMP.
534 1052 729 1088 CAESAR
770 1052 810 1088 C.
843 1052 1007 1088 VIBIVS
1039 1051 1242 1087 AFINIVS
1283 1050 1478 1087 GALLVS
1509 1050 1914 1088 VELDVMNIANVS
1945 1050 2100 1088 VOLV-

373 1121 550 1157 SIANVS
581 1120 697 1156 AVG.

289 1185 371 1226 220
400 1182 565 1226 Veleda
595 1183 807 1238 (Velaeda
842 1183 940 1226 Tae.
962 1182 1229 1237 plerumque,
1260 1181 1426 1240 Βέληδα
1454 1181 1612 1224 Dionis
1641 1195 1725 1227 exe.
1749 1182 1936 1234 codices,
1968 1181 2101 1226 Veld-

375 1252 560 1294 traditur
590 1251 700 1295 Stat.
723 1252 813 1296 silv.
835 1255 873 1302 1,
896 1255 934 1302 4,
959 1252 1045 1307 90),
1077 1252 1202 1306 virgo
1233 1251 1421 1294 nationis
1452 1251 1701 1306 Bructerae,
1732 1250 1819 1294 late
1849 1251 2102 1308 imperitans

381 1320 479 1363 Tae.
499 1320 539 1363 h.
561 1325 600 1372 4,
623 1324 688 1372 61,
721 1321 812 1363 cdiu
833 1321 949 1378 apud
977 1320 1208 1378 plerosque
1236 1321 1425 1363 numinis
1453 1319 1546 1362 loco
1578 1319 1739 1363 habita'
1770 1320 1869 1363 Tae.
1897 1319 2041 1364 Germ.
2060 1323 2102 1372 8,

380 1397 625 1446 ‘prosperas
657 1391 884 1434 Germanis
926 1405 994 1432 res
1034 1396 1076 1432 et
1107 1389 1325 1432 excidium
1356 1388 1575 1444 legionum
1611 1390 1668 1444 (a.
1698 1389 1772 1444 69)
1807 1388 2100 1446 praedixerat'

383 1459 480 1503 Tae.
506 1458 546 1503 h.
576 1462 614 1509 4,
650 1462 714 1501 61.
774 1458 954 1501 Nobiles
983 1459 1148 1515 captivi
1179 1458 1291 1500 dono
1328 1458 1367 1500 ei
1397 1458 1516 1500 missi
1552 1458 1650 1501 Tae.
1683 1458 1711 1501 l.
1741 1471 1798 1513 e.,
1840 1458 1944 1501 item
1977 1459 2104 1501 navis

379 1528 594 1583 praetoria
624 1542 734 1584 quae
765 1529 809 1569 in
839 1527 992 1570 Rheno
1024 1533 1151 1584 capta
1181 1533 1274 1570 erat
1309 1527 1408 1570 Tae.
1435 1526 1475 1569 h.
1497 1529 1537 1578 5,
1558 1529 1633 1571 22.
1693 1526 1892 1570 Petillius
1923 1525 2105 1570 Cerialis

380 1597 551 1638 nuntios
583 1596 642 1638 ad'
669 1611 763 1638 eam
783 1597 914 1639 mittit
940 1597 1037 1640 Tac.
1060 1596 1099 1638 h.
1120 1599 1159 1647 5,
1182 1599 1252 1640 24.
1304 1595 1445 1653 Capta
1465 1611 1491 1638 a
1512 1595 1674 1638 Rutilio
1697 1594 1867 1639 Gallico
1887 1595 1999 1640 Stat.
2020 1595 2047 1639 l.
2070 1609 2104 1640 e.

380 1665 485 1706 Post
515 1679 608 1706 eam
639 1664 788 1706 similis
820 1666 1089 1708 auctoritatis
1121 1664 1374 1720 (θειάζουσα)
1406 1665 1563 1708 Ganna
1592 1665 1717 1719 virgo
1747 1663 1837 1709 Dio
1867 1667 1932 1715 67,
1958 1666 1998 1708 5.

296 1735 375 1776 221
410 1733 614 1787 Velenus,
647 1748 725 1775 rex
747 1733 1055 1787 Cadusiorum3
1083 1734 1175 1775 eius
1197 1733 1382 1790 epistula
1403 1733 1460 1775 ad.
1480 1732 1688 1790 Saporem
1708 1747 1855 1794 regem
1875 1733 2107 1776 Persarum

381 1802 434 1844 de
464 1808 588 1858 capto
619 1802 851 1844 Valeriano
881 1803 953 1847 vit.
986 1802 1124 1845 Valer.
1145 1805 1178 1846 2
1207 1802 1381 1858 (fictio).

298 1872 381 1912 222
411 1870 561 1913 Velius
585 1870 722 1926 Celer,
755 1872 1063 1926 grammaticus
1095 1878 1141 1914 ut
1166 1871 1355 1922 videtur,
1387 1873 1462 1927 qui
1493 1870 1718 1914 Hadriano
1750 1871 2001 1927 imperatori
2030 1886 2109 1928 per

385 1939 612 1995 epistulam
643 1941 926 1995 interroganti
959 1940 1184 1997 respondit
1212 1939 1468 1982 Priscianus
1496 1940 1531 1982 I
1544 1954 1592 1994 p.
1613 1941 1698 1983 547
1725 1939 1786 1982 ed.
1818 1939 1965 1983 Hertz.

299 2008 383 2050 223
414 2007 564 2050 Velius
589 2007 769 2051 Cerialis
791 2009 1066 2064 (ymitilieium
1088 2023 1179 2060 om„
1210 2008 1380 2052 Cereal-
1402 2023 1489 2063 pro
1512 2007 1673 2052 Cerial-
1695 2008 1891 2063 plerique
1918 2007 2109 2064 codices),

385 2077 546 2119 amicus
570 2076 711 2133 Plinii,
746 2078 800 2119 ad
821 2092 951 2134 quem
973 2079 1147 2134 scripsit
1168 2078 1283 2120 Ρῐὶη.
1306 2093 1369 2132 ep.
1392 2081 1431 2128 4,
1453 2081 1524 2120 21.
1556 2076 1761 2120 Fortasse
1781 2077 1891 2120 idem
1912 2075 2106 2132 Cerialis,

385 2145 440 2187 ad
471 2160 598 2202 quem
628 2147 801 2203 scripsit
831 2161 892 2201 ep.
919 2150 962 2197 2,
990 2150 1058 2189 19.

302 2214 385 2255 224
414 2220 594 2256 VELIVS
627 2221 942 2257 CORNIFICIVS
975 2220 1262 2257 GORDIANVS
1295 2214 1444 2257 consul
1476 2214 1612 2268 (suff.)
1643 2229 1791 2257 mense
1816 2214 1936 2271 Sept.
1967 2229 2005 2258 a.
2027 2214 2110 2257 275

385 2283 454 2325 vit.
493 2283 589 2325 Tae.
616 2286 643 2325 3
674 2284 736 2339 (iu
766 2284 874 2326 actis
903 2287 1072 2326 senatus
1100 2283 1332 2338 suspectis).

302 2351 384 2393 225
416 2358 593 2393 VELIVS
635 2359 805 2407 FIDVS,
855 2352 1073 2408 pontifex,
1119 2353 1320 2395 Iuventio
1363 2352 1488 2395 Celso
1528 2352 1816 2409 promagistro
1857 2351 2111 2408 pontificum

387 2418 566 2462 Arrium
595 2419 803 2476 Alphium
834 2421 1053 2477 quendam
1083 2420 1364 2474 commendat,
1397 2436 1435 2463 a.
1471 2422 1550 2463 155
1592 2420 1661 2463 VI
1681 2422 1813 2463 2120.

305 2488 386 2529 226
417 2486 564 2529 Velius
586 2488 764 2542 Longus
789 2487 944 2543 (Louyi
962 2503 1111 2532 nornen
1131 2490 1219 2544 ilose
1237 2489 1284 2531 iu
1304 2488 1489 2543 exemplo
1511 2489 1661 2543 posuit
1680 2488 1730 2531 de
1761 2488 1868 2530 orth.
1891 2502 1939 2542 p.
1962 2491 2028 2539 60,
2053 2491 2113 2532 12

390 2554 451 2598 ed.
470 2555 602 2606 Keil),
624 2558 942 2611 grammaticus,
966 2557 1106 2602 Gellio
1127 2558 1228 2613 (nori
1254 2557 1431 2599 multum
1450 2560 1499 2599 ut
1521 2557 1702 2609 videtur)
1724 2557 1921 2613 superior
1947 2555 2113 2599 Gellius

390 2625 455 2673 18,
487 2627 525 2673 9,
556 2628 594 2667 4.
657 2624 829 2682 Scripta
861 2627 950 2668 eius
982 2627 1116 2668 citant
1143 2625 1308 2669 Gellius
1338 2626 1363 2668 l.
1399 2640 1447 2676 e.,
1480 2624 1714 2676 Charisius,
1750 2625 2003 2668 Macrobius
2030 2627 2112 2668 sat.

392 2695 431 2741 3,
455 2695 492 2742 6,
515 2695 552 2742 6,
577 2693 678 2743 alii;
710 2695 762 2748 ef.
786 2694 890 2737 Keil
918 2694 1110 2737 Gramm.
1132 2695 1231 2737 Lat.
1263 2694 1359 2737 VII
1372 2709 1421 2748 10·
1442 2698 1496 2736 46
1515 2707 1612 2748 seq„
1644 2692 1804 2745 Teuffel
1823 2694 1928 2736 Litt.
1950 2696 2047 2744 343,
2068 2695 2112 2736 2.

396 2759 534 2801 Extat
563 2760 726 2803 libellus
758 2762 807 2804 cle
838 2763 1155 2818 wthoqraphia,
1188 2777 1256 2818 ap.
1289 2762 1392 2805 Keil
1423 2762 1450 2805 l.
1482 2776 1515 2807 e.
1547 2762 1644 2805 VII
1655 2777 1705 2817 p.
1726 2766 1781 2805 46
1797 2775 1880 2816 seq.

309 2827 391 2870 227
425 2834 604 2870 VELIVS
639 2836 827 2871 PAVLVS
859 2831 1090 2887 proconsul
1120 2831 1355 2887 Bithyniae
1386 2830 1465 2873 sub
1495 2831 1745 2874 Domitiano
1765 2829 1882 2873 Ptin.
1911 2829 1970 2872 ad
1997 2829 2115 2874 Trai.

398 2898 464 2946 58,
495 2898 533 2939 3.
561 2899 626 2940 60.
682 2898 800 2940 Idem
828 2902 875 2940 ut
904 2900 1069 2942 violetur
1098 2899 1261 2954 Velius,
1294 2900 1591 2941 Domitianum
1622 2899 1849 2958 comitatus
1880 2899 1923 2941 in
1954 2898 2116 2942 bellum

397 2963 681 3007 Sarmaticum
705 2966 904 3009 Martial.
925 2970 962 3018 9,
983 2971 1049 3012 31.
1095 2968 1234 3010 Plane
1260 2969 1464 3010 iueertwm
1483 2981 1581 3010 rium
1603 2967 1672 3009 hie
1697 2966 1861 3010 Paulus
1886 2981 2017 3023 quem
2044 2966 2116 3010 ad-

396 3031 585 3087 loquitur
608 3034 835 3076 Martialis
854 3038 892 3085 5,
914 3039 952 3078 4.
982 3040 1019 3086 6,
1042 3040 1112 3079 12.
1146 3040 1182 3087 7,
1208 3039 1276 3087 72,
1306 3037 1360 3090 ef.
1381 3035 1670 3078 Friedlander
1687 3035 1775 3079 iud.
1797 3036 1844 3077 in
1865 3035 2003 3080 Mart.
2025 3048 2058 3078 s.
2078 3049 2115 3078 v.

313 3098 395 3140 228
426 3099 577 3142 Velius
598 3101 736 3143 Rufus
768 3117 901 3145 senex
934 3105 1014 3158 (ita
1035 3108 1143 3158 puto
1175 3105 1321 3155 dietus,
1352 3107 1400 3146 ut
1431 3103 1756 3158 distiuyueretur
1786 3118 1815 3146 a
1843 3104 2008 3146 iuniore
2037 3103 2117 3147 ali-

399 3181 476 3220 quo
515 3169 696 3211 eiusdem
725 3172 918 3222 nomiuis,
949 3173 1131 3225 fortasse
1159 3187 1204 3216 eo
1233 3174 1307 3227 qui
1335 3173 1564 3226 sequium.-
1593 3171 1649 3214 ad
1676 3186 1774 3214 eum
1803 3171 1968 3214 Fronto
1998 3170 2119 3214 dedit

402 3236 626 3290 epistulam
659 3239 715 3279 ad
745 3253 825 3281 am.
849 3244 885 3289 1,
914 3244 966 3282 11
997 3242 1062 3295 (p.
1086 3244 1165 3284 181
1197 3242 1248 3294 ef.
1272 3256 1320 3295 p.
1343 3244 1429 3285 172
1457 3241 1632 3290 Naber).
1681 3241 1840 3283 ‘Homo
1872 3239 2114 3294 vehemens,

401 3309 442 3343 et
482 3318 578 3345 cum
618 3305 835 3361 doctrina,
879 3314 970 3349 tum
1008 3309 1141 3351 multo
1173 3311 1310 3365 magis
1342 3316 1497 3352 natura
1524 3307 1712 3351 validus'
1743 3308 1908 3352 Fronto
1938 3309 1965 3352 l.
1997 3322 2032 3352 ο.
2061 3331 2117 3338 -—
