2242 3672
358 257 606 293 VELLEIVS
1217 248 1305 290 394.
1911 255 2160 292 VELLEIVS

443 388 534 429 eius
566 386 842 429 hereditatem
875 391 1125 441 captaverat
1145 384 1349 440 Aquilius
1381 383 1576 439 Regulus
1600 384 1717 427 Plin.
1740 400 1801 440 ep.
1822 389 1865 436 2,
1889 389 1960 437 20,
1985 390 2022 430 7.
2041 389 2082 430 8.
2106 412 2159 418 ——

439 455 642 498 Fortasse
670 454 737 495 hic
766 453 961 496 Blaesus,
995 453 1155 495 amicus
1184 452 1334 495 Atedii
1364 452 1564 496 Melioris
1594 461 1742 510 (supra
1770 453 1815 496 B
1843 457 1952 512 113).

356 525 460 566 234³·
483 522 530 565 C.
548 522 739 565 Velleius
761 521 1059 564 Cannutianus
1080 521 1227 576 fistula
1238 521 1443 576 plumbea
1466 521 1640 577 Capuae
1659 537 1761 577 rep„
1782 523 1831 566 X
1847 527 1962 567 3937
1970 544 2026 559 =
2040 527 2159 569 8184.

357 592 438 634 235
470 597 717 632 VELLEIVS
762 595 1017 631 MACRINVS
1065 589 1233 644 legatus
1278 590 1514 632 consularis
1560 592 1599 644 (ὁ
1644 592 1920 649 λαμπρότατος
1964 593 2160 646 ὑπατικός,

441 661 577 716 πρεσβ.
606 661 669 702 καὶ
700 660 999 715 ἀντιστράτηγος
1024 662 1093 700 τοῦ
1115 658 1228 716 Σεβ.)
1260 658 1494 714 Bithyniae
1524 675 1561 702 a.
1585 660 1669 702 269
1697 660 1813 702 tituli
1834 660 2021 703 Nicaeni
2039 659 2160 705 GIG.

438 730 557 771 3747.
587 730 707 769 3748.
766 726 833 780 Cf.
863 740 996 781 supra
1025 727 1100 768 sub
1130 726 1175 769 O.
1209 727 1384 770 Sedatio
1416 727 1570 770 Velleio
1601 727 1750 771 Prisco
1782 728 1998 772 Macrino.

354 796 436 837 236
468 795 658 838 Velleius
690 796 920 850 Maximus,
953 802 1209 851 procurator
1239 796 1295 838 ad
1325 796 1542 839 dioecesin
1567 796 1863 840 Alexandriae
1893 799 1932 852 (ὁ
1960 801 2163 856 κράτιστος

440 864 650 921 διοικητής)
682 879 719 905 a.
748 864 829 906 248
857 877 1060 918 papyrus,
1094 878 1182 918 aeq.
1214 864 1312 908 Urlc.
1346 878 1424 907 aus
1454 865 1494 907 ol.
1526 866 1563 908 k.
1590 865 1706 908 Mus.
1735 880 1788 908 eu
1813 865 1967 909 Berlin
1995 867 2103 920 fasc.
2124 867 2158 910 I

437 945 477 972 n.
499 934 528 973 8
559 933 612 985 cf.
647 931 817 974 Viereck
846 932 993 979 Herm.
1016 936 1078 975 27
1096 947 1143 987 p.
1164 935 1261 976 526.

354 1000 438 1042 237
473 1006 512 1041 C.
535 1006 782 1042 VELLEIVS
806 1007 1144 1044 PATERCVLVS.
1164 1028 1214 1032 —
1237 1001 1286 1044 C.
1308 1001 1502 1045 Velleius
1523 1002 1777 1045 Paterculus
1797 1003 2159 1059 editiofprineepa

437 1083 487 1110 ex
525 1069 663 1111 coelice
701 1070 790 1111 sine
829 1069 955 1112 dubio
989 1071 1112 1112 unico
1147 1070 1427 1113 Murbaeensi
1456 1071 1519 1123 (in
1549 1070 1795 1126 apoyrapho
1826 1070 1981 1115 codicis
2011 1070 2159 1114 Amer-

436 1135 641 1179 baehiano
674 1151 936 1191 praenomen
976 1138 1221 1193 omittitur),
1264 1139 1362 1181 item
1403 1142 1430 1182 t.
1462 1139 1704 1194 Africanus
1743 1139 1866 1182 VIII
1886 1142 2022 1182 10311
2035 1173 2045 1191 ,
2085 1140 2160 1183 sed

435 1206 617 1258 fortasse
645 1220 730 1248 non
754 1205 901 1257 huius;
930 1206 989 1248 M.
1013 1206 1205 1249 Velleius
1235 1207 1489 1250 Paterculus
1521 1207 1738 1251 Priscian.
1763 1208 1834 1252 lib.
1862 1207 1934 1260 VI,
1957 1209 1992 1252 I
2003 1223 2054 1264 p.
2073 1211 2161 1253 248

434 1274 589 1325 Hert2·;
618 1274 874 1317 Paterculus
905 1274 1029 1317 schol.
1063 1275 1227 1318 Lucan.
1254 1278 1293 1326 8,
1315 1279 1407 1319 663.
1442 1279 1480 1327 9,
1502 1279 1600 1321 178.
1627 1302 1681 1306 -
1713 1276 1993 1320 Oriundusa
2021 1277 2160 1320 Decio

434 1343 580 1397 Magio
621 1342 939 1400 Campanorum
979 1344 1198 1400 principe,
1246 1351 1290 1386 et
1328 1344 1383 1386 ab
1423 1344 1552 1387 huius
1594 1352 1750 1403 nepote
1788 1346 1971 1388 Minatio
2011 1346 2158 1402 Magio

434 1410 705 1466 Aeclanensi,
739 1412 812 1468 qui
842 1411 954 1454 bello
986 1411 1134 1454 sociali
1155 1413 1448 1455 Romanorum
1478 1420 1622 1470 partes
1654 1414 1823 1456 adiuvit
1851 1415 1941 1469 ipse
1960 1416 2004 1466 2,
2025 1417 2092 1465 16,
2114 1417 2158 1458 2.

433 1479 578 1536 Nepos
619 1479 666 1522 C.
706 1479 869 1535 Vellei,
911 1481 1119 1537 praefecti
1160 1481 1332 1524 fabrum
1364 1481 1444 1525 Cn.
1475 1483 1653 1539 Pompei
1684 1483 1911 1540 Marcique
1951 1483 2076 1526 Bruti
2107 1496 2158 1525 ac

435 1548 500 1590 Ti.
533 1548 715 1599 Neronis
748 1549 908 1602 (mariti
938 1549 1137 1604 Liviae)3
1169 1551 1245 1606 qui
1276 1565 1313 1592 a.
1337 1550 1420 1593 713
1451 1565 1549 1593 cum
1575 1550 1641 1593 Ti.
1671 1551 1888 1594 Neronem
1919 1550 2158 1608 Campania

431 1616 709 1659 excedentem
736 1619 858 1674 sequi
887 1632 973 1660 non
994 1624 1149 1675 posset,
1183 1633 1228 1660 se
1249 1619 1341 1676 ipse
1361 1618 1506 1674 gladio
1528 1619 1746 1662 transfixit
1761 1623 1808 1671 2,
1831 1623 1897 1671 76,
1919 1623 1958 1663 1.
2007 1619 2160 1677 Capua

435 1685 662 1727 oriundum
679 1701 724 1727 se
742 1701 834 1728 esse
850 1687 1067 1742 significat
1086 1691 1124 1738 1,
1143 1690 1172 1729 7
1185 1688 1240 1742 of.
1257 1691 1301 1739 2,
1319 1690 1386 1732 81.
1419 1687 1532 1744 (Alii
1550 1687 1593 1732 G.
1617 1688 1765 1731 Velleii
1779 1688 1954 1744 Capuae
1969 1688 2018 1732 X
2029 1691 2157 1733 3924.
2228 1740 2230 1742 v

431 1756 569 1809 3937).
615 1754 803 1797 Patruus
825 1756 916 1797 eius
939 1754 1104 1812 Capito,
1138 1756 1206 1797 vir
1237 1755 1399 1798 ordinis
1431 1758 1646 1812 senatorii,
1678 1772 1714 1800 a.
1742 1758 1820 1805 711
1853 1757 1913 1800 Μ.
1934 1757 2158 1815 Agrippae

432 1821 686 1879 subscripsit
715 1824 760 1864 in
791 1822 837 1866 C.
873 1822 1071 1866 Cassium
1095 1828 1138 1875 2,
1161 1828 1227 1875 69,
1250 1827 1288 1867 5.
1337 1825 1466 1867 Pater
1497 1826 1587 1868 eius
1618 1825 1862 1882 praefectus
1887 1827 2082 1884 equitum
2112 1827 2155 1868 in

432 1891 666 1933 Germania
694 1894 851 1946 2,105,
873 1895 911 1936 3.
971 1893 1127 1935 Frater
1158 1895 1250 1936 eius
1280 1893 1452 1949 Magius
1483 1893 1611 1937 Celer
1640 1893 1889 1937 Velleianus
1919 1898 1962 1946 2,
1991 1898 2085 1946 115,
2115 1898 2155 1940 1.

431 1959 529 2014 Ipse
560 1959 757 2002 tribunus
796 1959 1005 2013 militum,
1043 1962 1183 2018 primo
1225 1963 1270 2003 in
1301 1962 1488 2005 Thracia
1517 1963 1860 2020 Macedoniaque
1890 1962 1971 2007 sub
2002 1963 2155 2020 legatis

432 2028 480 2069 P.
512 2027 682 2070 Vinicio
715 2034 757 2071 et
786 2029 834 2071 P.
868 2029 997 2085 Silio,
1035 2037 1151 2072 ‘mox
1183 2029 1352 2073 Achaia
1380 2031 1574 2088 Asiaque
1605 2038 1647 2074 et
1678 2032 1877 2076 omnibus
1916 2032 1972 2076 ad
2002 2032 2153 2076 Orien-

434 2102 518 2137 tem
551 2097 653 2139 visis
692 2099 931 2154 provinciis
964 2105 1007 2141 et
1043 2114 1115 2141 ore
1146 2106 1276 2156 atque
1309 2107 1491 2157 utroque
1521 2101 1652 2143 maris
1683 2101 1852 2144 Pontici
1882 2100 2051 2152 latere’‚
2081 2100 2158 2144 ad*

432 2164 513 2207 fuit
544 2167 600 2217 (a.
634 2168 713 2208 754
742 2186 798 2200 =
819 2182 867 2221 p.
898 2166 999 2212 Chr.
1020 2167 1076 2222 1),
1119 2183 1216 2210 cum
1245 2168 1296 2212 C.
1332 2168 1494 2212 Caesar
1533 2185 1631 2211 cum
1669 2184 1771 2225 rege
1810 2170 2071 2214 Parthorum
2107 2171 2153 2213 in

432 2233 572 2275 insula
603 2236 740 2276 amnis
764 2235 999 2297 Euphratis
1031 2237 1370 2291 congrederetur
1389 2242 1432 2288 2,
1456 2241 1550 2280 101.
1601 2239 1706 2280 Post
1734 2238 1999 2281 tribunatum
2030 2254 2150 2297 prae·
2179 2284 2182 2286 ,

431 2301 567 2344 fectus
592 2304 795 2359 equitum,
828 2305 895 2347 Ti.
919 2305 1149 2348 Caesarem
1181 2308 1412 2349 comitatur
1441 2308 1486 2349 in
1508 2308 1787 2351 Germaniam
1818 2323 1856 2350 a.
1882 2307 1964 2351 757
1993 2311 2036 2364 2,
2059 2311 2152 2359 104,

430 2385 650 2414 successor
681 2373 810 2414 officii
842 2374 977 2429 patris
1009 2375 1074 2416 sui
1105 2375 1175 2425 ib„
1209 2390 1259 2416 ac
1284 2375 1440 2417 deinde
1465 2390 1544 2432 per
1575 2390 1710 2418 annos
1738 2377 1963 2419 continuos
1994 2391 2152 2420 novem

430 2439 503 2489 (sic
533 2439 593 2480 ed.
615 2440 781 2494 princ„
824 2442 934 2484 VIII
975 2456 1120 2497 apoyr.
1152 2442 1342 2498 Amerb.)
1374 2444 1456 2486 sub
1487 2444 1663 2487 Tiberio
1703 2444 1918 2502 stipendia
1957 2445 2061 2487 fecit
2092 2445 2150 2490 ib.

430 2506 644 2558 Quaestor
673 2508 924 2564 designatus
951 2515 994 2561 2,
1027 2514 1119 2562 111,
1157 2511 1391 2554 rebellione
1421 2514 1747 2555 Pannoniorum
1778 2520 1930 2557 exorta
1959 2513 2016 2568 (a.
2050 2513 2152 2568 759)

366 2627 370 2630 Δ
429 2581 596 2630 partem
627 2579 842 2620 exercitus
864 2579 993 2621 duxit
1019 2580 1074 2622 ad
1096 2580 1321 2623 Tiberium
1344 2581 1400 2623 ib.
1447 2581 1663 2635 Quaestor
1683 2582 1741 2637 (a.
1766 2581 1860 2636 760)
1881 2582 1952 2633 ib„
1985 2582 2152 2625 eodem·
2196 2614 2202 2616 s

430 2658 513 2698 que
544 2650 747 2701 tempore,
780 2647 958 2689 remissa
988 2654 1103 2690 sorte
1133 2649 1395 2704 provinciae,
1425 2648 1591 2704 legatus
1612 2648 1810 2705 Augusti,
1842 2665 1992 2693 rursus
2021 2650 2148 2694 mitti-

430 2718 499 2754 tur
539 2713 595 2755 ad
634 2714 858 2757 Tiberium
889 2717 971 2767 111,·
1010 2717 1064 2770 cf.
1095 2719 1138 2767 2,
1169 2720 1262 2766 104,
1294 2721 1334 2759 3.
1397 2717 1436 2759 Α
1467 2718 1642 2760 Tiberio
1683 2718 1874 2762 hibernis
1906 2719 2149 2775 praefectus

428 2784 471 2830 2,
502 2785 595 2831 113,
626 2785 663 2823 3.
725 2784 862 2826 Donis
903 2784 1163 2827 militaribus
1205 2785 1388 2828 donatus
1429 2786 1695 2843 triumphum
1726 2786 1893 2830 Tiberii
1923 2787 2151 2831 comitatur

427 2851 470 2898 2,
514 2853 618 2900 121,
659 2854 698 2893 4.
772 2852 825 2894 A.
860 2854 913 2895 14
958 2854 1071 2896 inter
1115 2854 1368 2897 candidatos
1413 2854 1633 2905 Caesaris,
1681 2864 1854 2912 praetor
1897 2855 2150 2911 designatur

430 2931 463 2959 c.
495 2920 590 2968 124,
618 2922 645 2960 4
674 2919 870 2974 (praetor
899 2922 1032 2976 igitur
1066 2937 1104 2965 a.
1137 2925 1218 2978 15).
1279 2922 1455 2974 Postea,
1489 2927 1597 2966 certe
1624 2938 1752 2978 usque
1784 2924 1842 2966 acl
1870 2939 1908 2967 a.
1940 2927 2007 2976 30,
2049 2928 2149 2968 teste

427 2986 560 3039 ipsius
589 2987 777 3039 silentio,
808 3003 938 3044 neque
964 2990 1052 3033 ullo
1083 2992 1226 3046 officio
1257 3006 1285 3034 a
1319 2992 1488 3034 Tiberio
1520 2993 1719 3047 prmape
1747 3007 1877 3047 neque
1913 2993 2147 3037 sacerdotio

427 3053 667 3098 honoratus.
729 3057 947 3100 Historiae
988 3059 1242 3102 scribendae
1283 3075 1457 3116 operam
1488 3060 1628 3102 dedit:
1668 3062 1807 3103 ‘iustis
1836 3054 2142 3104 voluminibus'

428 3128 470 3162 et
500 3122 622 3165 initia
651 3123 752 3166 belli
775 3125 913 3167 civilis
934 3130 977 3177 2,
999 3130 1065 3178 48,
1088 3131 1125 3183 6,
1159 3134 1201 3170 et
1221 3128 1386 3171 Tiberii
1415 3143 1482 3170 res
1511 3135 1654 3184 gestas
1681 3129 1898 3186 explicare
1927 3130 1972 3172 in
2001 3130 2144 3172 animo

430 3188 562 3231 habet
591 3194 633 3241 2,
667 3195 732 3242 96,
763 3196 802 3234 3.
832 3196 897 3244 99,
927 3198 971 3237 2.
1002 3199 1096 3250 103,
1126 3199 1165 3239 3.
1196 3199 1287 3247 114,
1319 3200 1357 3239 4.
1395 3200 1488 3248 119,
1520 3201 1557 3239 1.
1621 3197 1803 3254 Scripsit
1842 3195 2159 3255 compendium

429 3256 631 3300 historiae
675 3260 895 3303 Romanae
941 3261 1233 3306 voluminibus
1278 3265 1468 3320 duobus,
1520 3265 1824 3322 dedicavitque
1868 3266 1927 3310 M.
1971 3265 2143 3309 Vinicio

426 3326 588 3368 consuli
630 3328 685 3381 (a.
717 3343 759 3384 p.
792 3328 894 3371 Chr.
927 3331 998 3384 30)
1041 3335 1080 3382 1,
1121 3335 1185 3383 13,
1224 3335 1250 3376 5
1281 3336 1354 3375 cel.
1394 3333 1509 3389 (ante
1549 3334 1811 3385 consulatum
1851 3333 2007 3378 Seiani.
2039 3346 2141 3389 opus
2212 3333 2228 3385 ῗᾏ
