2242 3672
187 218 431 261 VOLVSIVS
1052 220 1136 264 487
1785 226 2000 266 VOLVSIA

194 350 259 389 ‚.-‘-
304 360 348 406 Q.
374 360 627 397 OCTAVIVS
657 361 899 399 VOLVSIVS
930 358 1276 415 THVSOENJIVS]
1310 393 1434 404 .....

187 422 272 465 666
303 424 386 478 (L.)
416 429 657 466 VOLVSIVS
688 430 983 476 TORQVATVS
1016 426 1084 478 (de
1109 429 1389 482 praenomine
1419 430 1472 484 ef.
1503 428 1656 484 infra),
1688 430 1798 472 Luci
1830 428 1859 472 f.
1892 430 2004 484 (eius

275 492 494 548 quondam
515 491 790 548 dispensator
806 493 865 536 M.
884 494 1078 537 Licinius
1102 496 1338 553 Eutychus,
1361 499 1541 541 maritus
1557 498 1763 541 Volusiae
1780 497 2003 555 Olympia-

273 559 358 615 dis)
390 559 460 603 VI
479 563 604 605 9327.
665 560 841 604 Videtur
867 562 1020 616 fuisse,
1052 567 1100 606 ut
1125 568 1288 619 putant
1315 565 1575 621 Boryhesius
1605 581 1700 622 opp.
1725 569 1754 609 8
1774 580 1823 621 p.
1845 569 1910 609 22
1965 569 2005 608 et

273 628 513 672 Mommsen
539 629 653 674 CIL.
687 629 756 672 VI
769 645 818 685 p.
846 634 966 682 1043,
999 646 1050 675 ex
1070 634 1256 687 posteris
1282 635 1329 688 Q.
1361 634 1525 677 Volusii
1554 635 1788 678 Saturnini
1821 634 2005 678 consulis

274 711 315 740 a.
329 700 384 740 56
404 701 443 740 et
463 698 716 752 Tor-quatem,
738 699 921 753 fortasse
937 699 1047 752 (oum
1066 715 1151 744 non
1166 702 1315 755 Quinti
1332 703 1449 758 filius
1468 704 1612 757 fuerit,
1635 704 1708 746 sed
1721 703 1863 759 Ducit)
1877 717 2005 759 nepos

273 766 374 817 eius,
406 766 525 822 filius
545 767 597 809 L.
621 766 784 809 Volusii
804 767 1034 811 Saturnini
1062 769 1244 812 consulis
1275 785 1315 813 a.
1334 773 1403 814 87.
1453 771 1618 814 Nomen
1637 786 1718 826 quo
1738 772 2005 828 dispensator

273 835 363 878 eius
381 838 486 891 post
503 836 877 879 manumissionem
900 837 1138 892 appellatus
1160 842 1221 880 est
1249 839 1321 894 (ef.
1353 839 1516 895 supra),
1540 840 1704 883 indicat
1730 855 1822 883 ewm
1842 855 2003 896 paren-

269 903 356 947 tela
399 906 665 948 eoniunotum
709 905 842 959 fuisse
887 919 979 948 oum
1020 906 1191 949 Marcis
1233 908 1436 960 Liciniis;
1481 909 1664 963 fortasse
1705 910 1841 965 iyitur
1879 910 2004 952 huius

273 972 437 1017 Volusii
462 988 573 1017 uxor
598 974 773 1016 Licinia
794 973 999 1017 Cornelia
1025 975 1083 1019 M.
1118 976 1144 1017 f.
1168 975 1348 1019 Volusia
1374 978 1609 1034 Torquata,
1644 978 1693 1022 L.
1717 978 1869 1021 Volusi
1901 993 1999 1033 cos„

270 1043 446 1098 auguris
479 1042 548 1085 VI
565 1045 708 1086 31726
736 1062 790 1077 ε
822 1042 941 1086 Bull.
970 1044 1068 1086 inst.
1100 1044 1216 1086 areli.
1248 1047 1354 1087 1885
1378 1060 1426 1099 p.
1454 1048 1524 1097 25,
1563 1050 1612 1088 ut
1650 1047 1741 1101 ipse
1779 1047 1913 1101 fuerit
1948 1047 2000 1089 L.

267 1113 562 1166 praenomine,
593 1111 745 1154 consul
777 1112 891 1166 (suff.
916 1129 953 1156 a.
981 1113 1063 1156 ine.
1086 1113 1351 1169 temporibus
1373 1115 1583 1170 Traiani),
1614 1130 1755 1171 augur
1775 1116 1833 1158 ib.
1888 1116 2003 1159 Uxor

200 1193 203 1195 ·
269 1184 412 1236 potest
438 1181 572 1235 fuisse
602 1181 857 1224 consobrina
887 1182 998 1232 eius,
1031 1182 1086 1236 of.
1117 1185 1293 1224 stemma
1321 1183 1442 1237 infra
1472 1185 1753 1239 propositum.
1813 1185 2001 1239 (Steven-

269 1251 415 1293 sonius
444 1253 584 1293 tamen
613 1251 791 1293 coniecit
817 1250 934 1293 Bull.
968 1250 992 1295 l.
1026 1265 1059 1293 e.
1083 1266 1130 1305 p.
1153 1254 1211 1295 26
1240 1252 1455 1294 Liciniam
1494 1252 1739 1296 Corneliam
1777 1266 1862 1296 esse
1898 1253 2001 1296 Cor-

267 1318 426 1362 neliam
465 1319 535 1362 L:
558 1318 722 1362 Volusii
760 1319 944 1362 consulis
985 1334 1024 1362 a.
1058 1322 1148 1370 756,
1190 1321 1388 1375 auquris,
1431 1324 1470 1363 et
1508 1321 1658 1364 horum
1696 1321 1834 1378 filium
1873 1323 2002 1376 fuisse

275 1387 491 1431 Volusiwm
531 1387 821 1443 Torquatum).
888 1388 1004 1431 Sane
1042 1389 1285 1443 fatendum,
1329 1390 1496 1432 titulum
1536 1391 1731 1433 In'oiniae
1767 1390 2000 1441 Corneliae,

269 1458 345 1511 qui
372 1458 434 1500 sie
463 1457 522 1500 ad
551 1461 741 1513 tempora
775 1457 959 1500 Traiani
996 1457 1257 1508 detruditur,
1300 1458 1522 1513 aliquanto
1559 1460 1840 1514 antiquiorem
1869 1459 2004 1502 videri

269 1525 384 1580 quod
409 1527 591 1569 maritus
622 1526 786 1570 duobus
815 1530 980 1569 tantum
1008 1527 1251 1569 nominibus
1280 1527 1534 1582 appellatur.

355 1606 542 1651 Stemma
562 1610 704 1663 potest
734 1607 971 1663 exooyitari
997 1606 1098 1649 hoe:

699 1714 744 1758 Q.
761 1714 944 1809 ῩοΙΙιιείιιε

574 1807 620 1845 L.
636 1807 818 1844 Volusius
833 1807 1064 1843 Saturninus
1079 1830 1123 1842 v
1141 1806 1269 1843 Nonia
1285 1806 1397 1843 Polla

623 1865 697 1890 cos.
715 1865 749 1890 a.
765 1855 833 1890 742
856 1855 906 1899 (n.
923 1855 1009 1899 660)
1098 1855 1103 1921 Ι

392 1970 415 1992 x
445 1982 488 1992 v
521 1958 564 1994 L.
589 1957 769 1994 Volusius
796 1955 1027 1993 Saturninus
1044 1981 1087 1993 ψ
1107 1956 1286 1993 Cornelia
1495 1956 1704 2003 (Volusia‘?)
1721 1982 1763 1994 2,-
1784 1955 1834 1992 M.
1853 1956 2002 1993 Lollius

463 2006 466 2016 '
531 2015 605 2040 cos.
623 2014 656 2038 a.
672 2004 739 2039 756
754 2021 800 2033 =
816 2015 853 2050 p.
870 2002 958 2040 Chr.
971 2003 1004 2046 3,
1061 2006 1065 2048 Ι
1150 2002 1193 2038 L.
1209 2003 1235 2038 f.
1670 2050 1678 2058 .
1720 2003 1752 2084 14
1838 2050 1846 2057 “

528 2052 643 2085 natus
668 2060 702 2084 a.
725 2051 804 2093 717,
832 2052 1003 2085 mortuus
1578 2049 1705 2086 Lolha
1754 2049 1901 2085 aullma

556 2107 592 2132 a.
608 2107 646 2142 p.
663 2094 751 2131 Chr.
765 2096 810 2131 56
826 2101 875 2140 (n.
893 2096 978 2141 661)

233 2199 266 2235 L
295 2199 477 2236 Volusius
494 2198 724 2235 Saturninus
771 2198 931 2235 Volusia
946 2196 1124 2234 Cornelia
1171 2199 1214 2241 Q.
1232 2198 1412 2235 Volusius
1430 2198 1657 2235 Saturninus
1677 2222 1719 2234 ..a
1737 2198 1933 2246 Torquata

310 2245 483 2292 pontifex
506 2247 556 2291 (n.
573 2247 656 2290 662)
878 2247 927 2290 (n.
946 2245 1027 2290 667)
1235 2257 1309 2282 eos.
1325 2256 1358 2281 a.
1376 2247 1421 2282 56
1445 2250 1493 2290 (n.
1512 2247 1594 2290 664)
1693 2259 1696 2300 Ι

298 2348 343 2386 L.
360 2349 542 2386 Volusius
562 2349 790 2384 Saturninus
838 2347 883 2390 Q.
899 2348 1082 2385 Volusius
1101 2347 1328 2384 Saturninus
1375 2348 1535 2384 Volusia
1551 2315 1749 2395 Torquata
1765 2372 1807 2384 ..κ
1824 2347 1887 2392 (Μ.
1905 2347 1966 2383 Li-

353 2406 427 2431 eos.
447 2406 480 2430 a.
497 2396 542 2431 87
565 2396 614 2439 (n.
633 2397 715 2439 663)
900 2406 974 2430 eos.
994 2406 1029 2431 a.
1046 2396 1091 2431 92
1116 2395 1166 2440 (n.
1183 2397 1263 2447 665)
1485 2396 1534 2441 (n.
1550 2396 1634 2440 668)
1783 2394 1787 2443 Ι
1835 2394 1968 2437 cinius)

249 2487 321 2533 (L.)
344 2487 527 2523 Volusius
553 2486 774 2534 Torquatus
792 2511 834 2523 ψ
852 2486 1002 2522 Licinia
1022 2485 1202 2523 Cornelia
1221 2487 1380 2523 Volusia
1588 2450 1932 2539 Licinia-domelia

321 2545 395 2569 eos.
413 2544 446 2568 a.
465 2533 537 2569 ine.
561 2535 610 2579 (n.
627 2536 708 2577 666)
1004 2532 1203 2580 Torquata
1504 2533 1554 2569 M.
1572 2532 1598 2568 f.
1614 2532 1775 2568 Voluffla
1792 2531 1999 2578 Torquata.

201 2652 279 2664 ——1
301 2634 353 2671 M.
386 2633 630 2670 METILIVS
660 2633 926 2678 AQVILLIVS
958 2633 1190 2669 REGVLVS
1231 2633 1391 2669 NEPOS
1422 2632 1666 2668 VOLVSIVS
1702 2630 1999 2675 TORQVATVS

270 2701 483 2738 FRONTO.

184 2765 268 2809 667
300 2771 518 2808 VOLVSIA
549 2770 806 2807 CORNELIA
835 2765 901 2808 vel
930 2771 1185 2808 CORNELIA
1208 2771 1426 2807 VOLVSJA
1453 2764 1530 2819 (sic
1561 2763 1628 2805 VI
1642 2765 1767 2812 7296,
1797 2760 2000 2803 Volussia

272 2833 476 2877 Cornelia
504 2833 671 2876 videtur
699 2833 786 2876 diei
806 2834 954 2882 7308):
984 2835 1073 2876 eius
1094 2834 1255 2876 aneilla
1273 2834 1440 2889 sepulta
1461 2833 1506 2875 in
1525 2833 1788 2875 monumento
1806 2829 2000 2883 familiae

272 2902 559 2953 Volusiorum,
605 2902 673 2945 VI
706 2905 842 2954 7296,·
890 2902 982 2945 alia
1025 2906 1072 2945 ut
1114 2903 1280 2946 videtur
1325 2901 1506 2944 eiusdem
1551 2899 1709 2942 aneilla
1755 2897 1999 2949 (Volussiae

272 2971 448 3014 Cheone
470 2970 708 3025 Corneliae,
731 2971 809 3013 ubi
829 2983 932 3012 sane
955 2984 1106 3013 nomen
1137 2971 1319 3013 ancillae
1348 2971 1453 3012 mire
1479 2968 1768 3023 interpositum
1802 2969 1861 3008 est
1892 2966 2000 3007 inter

268 3041 444 3084 nomina
474 3039 685 3095 dominae)
726 3039 794 3082 VI
817 3042 939 3082 7308.
997 3039 1122 3082 Filia
1159 3040 1324 3082 videtur
1359 3040 1490 3093 fuisse
1520 3038 1573 3080 L.
1603 3035 1747 3079 Volusi
1774 3033 2002 3076 Saturnini

272 3109 457 3152 consulis
486 3123 525 3152 a.
560 3111 638 3151 756
667 3126 725 3143 =
752 3110 781 3150 3
810 3110 849 3150 et
879 3106 1110 3158 Corneliae,
1149 3109 1195 3162 Q.
1236 3108 1404 3151 Volusio
1442 3106 1678 3150 Saturnino
1712 3106 1819 3145 natu
1846 3103 1998 3152 maior,

270 3181 377 3220 nata
405 3178 539 3232 iyitur
569 3180 667 3219 ante
698 3191 737 3219 a.
768 3179 838 3220 25.

185 3248 268 3290 668
300 3252 517 3289 VOLVSIA
549 3248 840 3296 TORQVATA:
879 3245 971 3286 eius
1000 3259 1152 3287 servus
1184 3245 1251 3287 VI
1264 3247 1404 3287 17442
1433 3243 1505 3298 (1).
1565 3239 1730 3283 Eadem
1759 3243 1807 3282 ut
1834 3240 1999 3282 videtur

272 3316 519 3372 Torquata,
566 3315 689 3356 ouius
734 3313 884 3355 nutrix
920 3312 1126 3355 Volussia
1170 3313 1335 3355 Feliola
1374 3312 1441 3355 VI
1471 3314 1624 3354 29950.
1684 3308 1879 3351 Eandem
1914 3321 1999 3350 esse
