2242 3672
246 237 406 274 SAMSO
1103 227 1124 267 1
1133 225 1186 268 72
1746 229 2045 275 SANQVINIVS

248 371 329 412 126
361 369 521 420 Samso,
556 364 728 408 Proculi
753 363 924 419 tyranni
952 369 1080 404 ‘uxor
1099 362 1281 416 virago',
1309 367 1436 403 antea
1456 360 1572 402 dicta
1592 360 1797 414 Vituriga
1816 360 1888 403 vit.
1908 360 1957 403 F
1953 361 2051 403 irm.

332 436 552 479 Saturnia.
585 432 754 475 Procul.
786 435 854 481 12,
886 433 926 472 3.

247 506 326 547 127
361 505 629 554 Sanatruces,
662 515 741 541 rex
762 499 1088 541 Armeniorum:
1122 498 1214 539 eius
1236 498 1420 540 virtutes
1450 497 1758 553 praedicantur
1780 497 1942 540 Suidas
1961 511 1994 540 s.
2014 511 2053 539 v.

331 573 474 625 Neque
504 584 554 611 ex
581 583 660 623 quo
690 568 894 621 ‚seri'ptore
923 566 1025 608 haee
1055 566 1210 608 hausta
1243 567 1331 608 siut
1359 580 1385 607 a
1418 565 1558 609 Suida
1593 568 1795 620 apparet,
1837 580 1967 620 neque
1998 565 2056 608 ad

324 654 430 694 quae
451 642 638 691 tempora
657 638 850 689 spectent.
881 634 1040 688 Reyem
1050 633 1282 676 Armeniae
1301 634 1426 677 huius
1444 634 1625 676 nominis
1649 633 1916 689 (Sanadruy)
1937 634 2054 676 novit

329 708 473 750 Moses
494 705 769 748 Ghorerceusis
788 703 884 745 hist.
901 702 1025 745 Arm.
1048 703 1109 745 II
1131 717 1164 745 e.
1186 706 1240 746 34
1258 716 1354 758 seq„
1382 717 1658 746 successorem
1676 702 1859 758 Abyari,
1884 702 2052 745 saeculo
2127 725 2131 729 <

323 791 371 831 p.
402 775 504 817 Chr.
528 775 673 828 primo
703 772 821 827 (vers.
854 771 1062 826 Lauylois
1082 786 1130 826 p.
1153 775 1209 815 98
1227 771 1341 826 seq).

246 846 325 888 128
357 843 637 886 Sanatrucius
675 840 998 897 (Σανατροῦκιος)
1039 839 1153 882 filius
1183 840 1468 895 Meherdatis,
1512 841 1628 895 regis
1659 841 1915 894 Persarum3
1957 854 2053 881 cum

330 919 454 968 pater
483 909 644 951 bellum
667 924 764 950 cum
785 909 991 950 Romanis
1015 922 1170 962 gerens
1192 909 1430 963 occidisset,
1464 909 1746 951 Sanatrucius
1778 909 1816 950 ei
1847 909 1891 949 in
1922 921 2055 962 regno

329 979 545 1033 successit,
577 977 652 1019 sed
684 993 710 1019 a
740 977 928 1019 Traiano
960 978 1103 1019 victus
1135 984 1177 1019 et
1207 979 1373 1020 occisus
1405 984 1482 1029 est,
1514 978 1647 1034 inque
1679 976 1824 1019 locum
1854 977 1946 1019 eius
1975 990 2056 1018 rex

327 1049 557 1091 Persarum
586 1047 844 1093 constitutus
876 1046 1159 1088 consobrinus
1191 1047 1283 1088 eius
1309 1046 1699 1102 Parthamaspates,
1732 1044 1911 1088 Osrhois
1940 1045 2056 1099 regis

327 1116 634 1159 Armeniorum
664 1114 778 1156 filius
812 1114 1010 1156 Malatas
1040 1114 1113 1157 lib.
1144 1115 1225 1157 XI
1239 1129 1287 1169 p.
1308 1118 1406 1158 270.
1438 1118 1524 1158 274
1552 1114 1693 1156 Borm.
1753 1113 1926 1156 Dubiae
1955 1112 2058 1168 fidei

327 1184 536 1234 narratio,
568 1183 757 1237 quamvis
785 1183 935 1225 citetur
954 1183 1174 1226 Arrianus
1204 1182 1446 1240 (Ἀρειανός),
1476 1183 1530 1237 ef.
1553 1197 1687 1238 supra
1706 1183 1782 1225 sub
1806 1181 2057 1224 Meherdate

329 1254 407 1309 (M
428 1252 529 1304 332)
561 1255 600 1294 et
627 1252 704 1294 sub
735 1251 903 1294 Osrhoe.

245 1324 325 1366 129
358 1322 618 1365 Sanatruces
660 1321 999 1377 (Σανατροὺκου),
1042 1326 1166 1376 pater
1202 1320 1457 1375 Vologaesis
1498 1320 1586 1363 Dio
1617 1322 1683 1370 75,
1715 1323 1742 1361 9
1776 1333 1862 1364 eoec.
1894 1318 1943 1362 de
1978 1318 2056 1373 leq.

334 1390 465 1443 Vulyo
493 1389 678 1430 ereditur
699 1391 830 1442 pater
856 1388 1097 1443 Voloyaesis
1124 1390 1238 1443 reyis
1270 1389 1531 1431 Parthorum
1561 1389 1818 1442 temporibus
1839 1387 1996 1438 Severi,
2029 1400 2057 1428 a

328 1458 542 1501 uouuullis
563 1461 694 1512 pater
723 1456 963 1511 Voloyaesis
985 1456 1179 1508 alieuius,
1211 1472 1332 1511 quem
1360 1472 1497 1512 reyem
1516 1457 1749 1499 Armeniae
1778 1457 1911 1511 fuisse
1941 1456 2058 1499 eirca

329 1527 472 1569 eadem
506 1530 695 1580 tempora
732 1525 895 1568 iudicat
934 1526 1079 1568 Moses
1120 1525 1399 1569 Choreueusis
1433 1527 1495 1569 II
1532 1541 1565 1569 e.
1601 1529 1654 1569 65
1697 1526 1816 1582 (vers.
1851 1523 2059 1579 Lauylois

324 1611 372 1651 p.
394 1594 510 1647 113);
539 1595 613 1637 sed
639 1595 768 1637 verba
797 1593 954 1636 Diouis
975 1595 1192 1648 pertinere
1224 1595 1282 1637 ad
1311 1599 1499 1649 tempora
1530 1595 1715 1637 Traiani
1741 1593 1805 1636 vel
1834 1592 2059 1636 Hadriani

330 1664 563 1706 observavit
591 1663 844 1706 Boissevaiu
874 1663 1018 1705 Herm.
1040 1666 1098 1706 25
1120 1678 1168 1717 10.
1199 1667 1282 1706 330
1309 1677 1403 1718 seq„
1436 1655 1509 1717 qui
1535 1664 1688 1705 statuit
1715 1663 1824 1705 hurle
1846 1661 2056 1705 Sauatru-

330 1734 439 1775 eium
462 1746 545 1774 nou
569 1732 778 1778 diversum
805 1732 936 1785 fuisse
958 1732 1011 1773 ab
1042 1745 1087 1773 eo
1118 1732 1192 1786 qui
1208 1732 1443 1786 praeeedit.
1489 1731 1555 1786 Cf.
1578 1732 1700 1786 iufra
1720 1732 1796 1773 sub
1819 1730 2056 1784 Voloyaese.

248 1803 327 1844 130
360 1802 519 1844 Sancta
550 1801 726 1854 (Saucia
751 1799 949 1851 traditur,
979 1802 1163 1842 correxit
1192 1801 1476 1855 Hirschfeld),
1509 1815 1631 1843 soror
1652 1799 1847 1843 Considii
1866 1796 2056 1852 Proculi,

329 1886 416 1912 una
455 1884 552 1911 cum
590 1869 668 1911 hoc
699 1884 736 1910 a.
768 1870 822 1911 33
857 1870 1094 1911 maiestatis
1125 1876 1328 1912 accusata
1357 1885 1383 1912 a
1413 1869 1466 1922 Q.
1498 1870 1761 1926 Pomponi03
1803 1869 1841 1910 ei
1872 1882 1986 1924 aqua
2015 1872 2059 1908 et

328 1940 417 1993 igni
449 1937 724 1980 interdictum
753 1938 850 1980 Tae.
876 1953 915 1980 a.
936 1941 975 1988 6,
997 1941 1064 1981 18.

258 2032 315 2037 —-
359 2006 512 2048 Ateius
544 2006 739 2049 Sanctus.

257 2101 315 2105 —
357 2081 607 2117 AVRELIVS
640 2081 875 2118 SANCTVS.

258 2169 316 2174 —
360 2143 568 2186 Claudius
600 2144 798 2186 Sanctus.

258 2238 315 2242 —
358 2219 521 2254 IVLIVS
554 2218 789 2256 SANOTVS.

258 2306 315 2311 —-
358 2281 561 2322 Minicius
593 2280 791 2324 Sanctus

258 2375 315 2380 -—
361 2356 401 2391 0.
432 2349 719 2404 v(ALER1vs)
750 2351 1110 2404 V(ALER1ANVS)
1143 2357 1378 2393 sANOTVS.

248 2419 324 2461 131
361 2417 570 2460 Sandario
602 2419 705 2472 (aee.
744 2418 1049 2461 Sandariorem
1090 2419 1218 2462 codex
1247 2419 1498 2469 Palatinus,
1531 2419 1605 2461 sed
1632 2422 1841 2460 mutatum
1869 2418 1917 2460 iu
1948 2417 2054 2478 Sanss

331 2486 551 2527 darionem
590 2486 772 2539 fortasse
810 2502 940 2529 marcu
971 2488 1137 2542 prima)
1179 2488 1235 2530 ab
1276 2487 1512 2530 Aureliano
1551 2488 1597 2528 in
1636 2486 1852 2543 praesidio
1893 2487 2057 2542 positus

333 2553 582 2609 Palmyrae,
643 2570 741 2596 cum
800 2557 1015 2598 sexcentis
1072 2557 1306 2611 sagittariis
1364 2557 1530 2598 occisus
1586 2572 1612 2598 a
1671 2555 1942 2611 Palmyrenis
1983 2554 2057 2598 vit.

330 2622 555 2663 Aurelian.
587 2626 655 2665 31.

249 2690 329 2732 132
362 2690 548 2732 Sannius
570 2691 777 2744 (traditur
799 2692 972 2747 Sanius)
993 2694 1162 2748 mimus,
1193 2694 1318 2736 Paris
1340 2694 1667 2749 cognominatus
1693 2692 1822 2734 codex
1839 2691 2059 2734 Leidensis

332 2758 475 2800 Plinii
494 2759 540 2799 iu
558 2760 749 2813 maryirie
770 2760 827 2802 ad
846 2760 885 2802 h.
903 2775 943 2803 u.
967 2765 1004 2812 7,
1025 2764 1079 2804 55
1098 2762 1165 2817 (de
1185 2776 1264 2816 quo
1286 2762 1373 2804 loeo
1395 2763 1449 2816 ef.
1471 2761 1691 2815 Detlefseu
1709 2774 1814 2803 mus.
1834 2759 1969 2804 Rheu.
1989 2761 2056 2809 18,

331 2828 440 2868 1863
460 2840 508 2880 p.
529 2829 625 2876 231,
659 2841 756 2871 arm.
770 2828 922 2881 philol.
944 2832 1057 2872 1867
1064 2845 1113 2884 p.
1131 2830 1219 2884 72),
1259 2830 1474 2873 Incertum
1493 2844 1595 2872 uum
1616 2831 1666 2874 L.
1688 2829 1907 2872 Domitius
1925 2827 2058 2870 Paris

333 2893 398 2948 (D
424 2893 518 2947 135)
551 2893 693 2935 clarus
724 2897 980 2950 temporibus
1012 2898 1210 2940 Neronis.

249 2963 330 3005 133
363 2962 628 3018 Sanquinius
660 2962 956 3017 (Sangunnius
988 2966 1145 3021 eodem),
1179 2974 1403 3010 accusator
1433 2968 1484 3010 L.
1516 2967 1725 3021 Arruntii,
1756 2966 1813 3009 ob
1843 2981 1936 3008 eam
1967 2980 2057 3007 rem

333 3031 510 3086 punitus
542 3029 660 3083 (ante
691 3046 728 3072 a.
760 3032 833 3086 32)
871 3033 968 3074 Tae.
996 3048 1035 3076 a.
1061 3037 1100 3084 6,
1121 3037 1160 3077 7.

250 3099 332 3141 134
361 3104 413 3139 M.
437 3103 733 3148 SANQVINIVS
757 3098 809 3151 Q.
830 3100 858 3143 f.
883 3101 1045 3154 (patris
1066 3116 1216 3145 nomeu
1241 3104 1286 3145 iri
1308 3104 1490 3146 nummis
1513 3104 1654 3146 aeneis
1683 3105 1877 3159 tautum),
1910 3103 2058 3145 trium-

332 3166 402 3206 vir
441 3180 539 3207 aere
586 3172 764 3221 argento
813 3183 918 3209 auro
956 3169 1099 3212 flando
1141 3170 1340 3213 feriundo
1381 3171 1461 3213 sub
1501 3171 1699 3226 Augusto
1739 3172 1902 3214 nummi
1939 3172 2062 3214 aurei

334 3234 524 3286 aryeutei
556 3235 677 3276 aenei
706 3249 774 3289 ap.
804 3235 965 3278 Eclchel
993 3240 1031 3287 5,
1062 3242 1162 3280 299.
1190 3242 1284 3294 300,
1326 3239 1521 3282 Babelou
1560 3240 1778 3282 monnaies
1818 3239 1867 3282 de
1898 3239 1942 3281 la
1969 3241 2058 3294 rep.

333 3302 523 3344 romaine
553 3302 614 3344 ΙΙ
627 3317 676 3357 p.
698 3306 780 3345 416
798 3316 880 3357 seq.
909 3318 951 3346 νι.
979 3308 1078 3355 1-6,
1118 3306 1261 3361 paullo
1293 3314 1390 3363 post
1418 3307 1542 3350 ludos
1571 3307 1814 3350 saeculares
1843 3308 1946 3349 anni
1975 3306 2057 3350 737
