2242 3672
311 261 477 297 vn31vs
1175 250 1260 294 424
1952 258 2117 295 V1131vs

399 391 604 434 consulem
633 389 767 432 Asiae
795 388 921 430 huius
948 387 1131 430 nomin-is
1158 386 1364 429 invenisse
1392 387 1478 429 sibi
1508 387 1622 430 visus
1651 390 1712 430 est
1745 387 2031 444 Waddinyton
2061 390 2121 433 aol

397 460 536 502 Lebas
559 462 597 509 3,
619 462 702 500 103
732 458 778 499 in
806 456 987 499 nummis
1007 455 1346 498 Laodicenorum
1366 454 1595 510 Phryyiae,
1627 470 1697 511 ap.
1719 457 1915 500 Mionnet
1945 457 2010 501 VI
2023 461 2116 510 319,

399 531 489 571 719.
530 530 617 570 720
656 527 766 568 cusis
805 526 1038 579 imperante
1079 524 1248 567 Nerone
1261 556 1271 574 ,
1312 526 1353 566 et
1383 523 1631 580 Agrippina
1666 525 1861 579 florente,
1901 527 2121 583 inscriptis

399 597 517 638 Γαίου
550 593 757 651 Ποστόμου
787 593 1030 645 Λαοδικέων,
1059 595 1108 634 ut
1141 591 1367 634 Postumus
1396 591 1551 635 Asiam
1578 594 1736 636 rewerit
1764 594 1875 637 inter
1905 609 2039 639 annos
2065 598 2120 639 54

397 667 437 705 et
464 666 530 713 59,
562 663 636 705 seol
665 662 810 704 dubito
837 675 939 704 num
967 663 1089 711 recte,
1121 674 1216 703 cum
1239 674 1369 715 neque
1391 662 1454 704 ἐπὶ
1472 675 1605 716 neque
1625 662 1854 706 ἀνθυπάτου
1874 664 2121 707 vocabulum

398 731 456 773 ad
473 731 666 773 Postumi
681 744 832 773 nomen
852 729 1061 772 adiectum
1080 729 1162 780 sit;
1191 731 1232 771 et
1261 729 1403 771 omisit
1430 730 1520 784 ipse
1550 730 1905 785 Waddinytonius
1923 733 1970 775 in
1994 733 2136 788 fastis·

392 799 694 854 proconsulum
732 797 898 852 Asiae.)
962 798 1136 840 Fratres
1178 798 1270 839 eius
1311 796 1365 842 A.
1397 797 1553 841 Vibius
1591 799 1778 842 Habitus
1817 799 1981 855 (consul
2020 799 2119 853 suff.

396 883 436 910 a.
458 883 508 922 p.
537 867 641 910 Chr.
672 866 716 922 8)
747 872 790 909 et
820 866 873 919 Q.
893 865 1068 908 Modius
1099 865 1183 918 (hic
1213 867 1304 908 sine
1334 865 1462 909 dubio
1489 867 1712 923 uterinus),
1744 875 1922 925 propter
1951 869 2044 912 eius
2073 875 2124 912 ut

395 937 570 979 videtur
598 936 752 978 merita
781 934 933 977 statuis
965 934 1162 977 honorati
1194 933 1265 976 ille
1295 934 1376 976 Tei
1406 935 1547 978 Lebas
1574 936 1841 988 3‚103‚hic
1870 937 2122 992 Magnesiae

396 1005 450 1047 ad
482 1004 764 1047 Maeandrum
796 1003 934 1046 athen.
967 1003 1114 1047 Mitth.
1146 1005 1256 1046 1894
1277 1018 1326 1058 p.
1347 1006 1417 1048 25.

311 1075 394 1116 393
425 1075 475 1117 Τ.
490 1074 643 1117 Vibius
665 1074 896 1116 Postumus
913 1072 994 1127 (vel
1009 1072 1110 1127 -ius)
1127 1072 1446 1128 Terentia[nus]
1467 1073 1614 1129 fistula
1624 1074 1829 1129 plumbea
1846 1050 2029 1128 urbana,
2052 1090 2123 1132 ap.

393 1143 678 1186 Laneianium
703 1142 795 1197 syll.
818 1156 914 1196 aqu.
932 1156 974 1186 n.
991 1144 1090 1184 270.
1104 1145 1203 1185 271.
1261 1141 1329 1196 Of.
1351 1155 1486 1197 supra
1509 1143 1586 1185 sub
1609 1142 1829 1187 Postumio
1856 1144 2122 1188 Terentiano.

311 1212 396 1254 394
426 1211 583 1254 Vibius
606 1210 804 1265 Rufinus,
837 1211 962 1253 euius
992 1211 1155 1266 scripta
1184 1209 1385 1253 adhibuit
1404 1210 1573 1254 Plinius
1604 1212 1649 1254 in
1678 1212 1884 1255 historiae
1912 1212 2123 1256 naturalis

395 1279 516 1322 libris
546 1280 600 1322 de
630 1279 860 1322 arboribus
889 1277 1071 1320 floribus
1111 1277 1258 1320 herbis
1287 1277 1404 1321 Plin.
1434 1279 1476 1322 h.
1506 1292 1548 1322 n.
1581 1283 1620 1331 1,
1653 1284 1719 1323 14.
1750 1283 1817 1324 15.
1846 1283 1912 1324 19.
1941 1284 2015 1326 21.
2045 1285 2121 1326 22.

394 1349 599 1392 Fortasse
637 1348 748 1391 iolem
786 1348 861 1402 qui
897 1348 1096 1402 sequitur.
1137 1372 1196 1379 —
1233 1347 1372 1391 Plane
1411 1349 1620 1392 incertuan
1651 1363 1754 1392 nusm
1792 1349 1873 1392 hue
1905 1350 2125 1405 pertineat

393 1418 598 1473 Rufinus,
638 1417 713 1474 qui
755 1416 966 1459 Ovidium
1006 1415 1247 1471 relegatum
1286 1416 1473 1473 epistula
1513 1416 1676 1460 solatus
1717 1424 1783 1461 est
1819 1417 1939 1462 Ovid.
1978 1432 2032 1462 ex
2067 1417 2122 1461 P.

395 1490 433 1538 1,
463 1489 503 1538 3,
531 1489 572 1529 8.
603 1489 669 1537 93,
712 1492 754 1527 et
795 1486 865 1527 cui
906 1485 977 1527 hio
1015 1486 1135 1527 misit
1174 1500 1350 1528 carmen
1390 1485 1508 1543 quod
1545 1486 1779 1543 scripserat
1817 1485 1872 1529 de
1901 1486 2123 1544 triumpho

396 1554 560 1597 Tiberii
589 1555 647 1599 ib.
677 1557 717 1605 3,
747 1558 787 1605 4,
816 1557 845 1596 3
872 1567 954 1608 seq.

310 1624 394 1666 395
426 1630 466 1668 C.
499 1629 663 1666 VIBIVS
695 1628 928 1665 RVFINVS.
984 1622 1136 1665 Tituli:
1168 1623 1545 1678 Moqwntiacensis‚
1576 1637 1647 1678 ap.
1680 1623 1820 1667 Klein
1847 1637 1953 1668 rrms.
1984 1624 2120 1671 Rhen.

395 1695 506 1735 1880
529 1707 577 1747 Ρ.
599 1694 679 1734 154
707 1691 789 1744 (1);
810 1706 949 1747 prope
970 1691 1220 1735 Cremonam
1238 1706 1340 1747 rep„
1375 1693 1545 1736 Notizie
1573 1692 1685 1748 deyli
1702 1694 1820 1736 soavi
1836 1696 1950 1738 1887
1967 1709 2017 1751 Ρ.
2037 1698 2125 1740 209

395 1781 451 1795 =
480 1761 607 1803 inscr.
637 1760 709 1803 sel.
740 1763 860 1804 2283
890 1760 968 1816 (2).

505 1829 555 1875 C.
596 1829 626 1872 f.
667 1829 736 1872 VI
767 1832 874 1872 1539
915 1829 1077 1884 (silium
1107 1829 1196 1872 eius
1229 1830 1305 1884 qui
1342 1830 1531 1884 sequitur
1562 1833 1694 1885 putat
1735 1831 1974 1875 Mommsen
2008 1832 2125 1876 Kor-

396 1897 706 1953 respondenebl.
740 1898 779 1940 cl.
812 1897 1108 1942 Westdeutsch.
1141 1898 1418 1949 Zeitsehr.7,
1451 1901 1562 1941 1888
1582 1914 1632 1954 p.
1652 1902 1708 1942 58
1735 1903 1821 1944 not.
1848 1902 1910 1957 2).
1961 1900 2124 1945 Consul

397 1968 490 2009 suff.
514 1981 613 2009 oum
634 1967 692 2008 M.
715 1966 898 2009 Cocceio
920 1967 1068 2009 Nerva
1088 1966 1156 2009 VI
1169 1969 1290 2009 1539.
1313 1968 1438 2018 9005,
1470 1982 1619 2010 mense
1635 1967 1749 2023 Aug.
1783 1968 1852 2011 VI
1873 1971 1997 2021 9005,
2027 1977 2126 2027 post

397 2051 434 2078 a.
457 2051 497 2092 p.
523 2035 624 2078 Chr.
649 2036 702 2078 14
731 2036 790 2078 ib.
821 2036 936 2091 (ante
966 2049 1006 2079 a.
1027 2038 1098 2086 24,
1129 2036 1170 2076 si
1193 2049 1286 2078 vere
1314 2035 1474 2091 colleya
1494 2036 1583 2078 eius
1612 2037 1696 2090 fuit
1721 2050 1824 2079 avus
1852 2037 2125 2092 imperatoris

400 2104 587 2155 Nervae,
627 2118 664 2149 v.
699 2117 833 2158 supra
870 2103 914 2146 A
943 2106 1052 2155 972,·
1093 2104 1383 2147 D‘Iommsenus
1423 2104 1835 2159 Korrespondenzbl.
1881 2105 1920 2150 d.
1966 2106 2124 2151 Westd.

399 2173 602 2217 Zeitschr.
636 2175 674 2224 7,
706 2175 817 2214 1888
834 2187 884 2227 Ρ.
905 2175 960 2215 58
990 2171 1192 2227 eolleyam
1217 2175 1349 2227 putat
1369 2175 1543 2227 patrem
1571 2173 1854 2228 imperatoriS,
1877 2177 1917 2217 et
1937 2173 2126 2218 Nervam

398 2245 437 2283 et
465 2241 671 2296 Rufinum
701 2241 890 2284 consules
920 2241 1053 2295 fuisse
1079 2240 1234 2296 paullo
1266 2244 1364 2284 ante
1394 2255 1553 2284 annum
1580 2241 1663 2297 43).
1729 2243 1918 2298 Legatus
1949 2258 2028 2300 pro
2057 2258 2125 2301 pr.

399 2310 660 2352 Germaniae
691 2310 938 2367 superioris,
971 2325 1009 2351 a.
1041 2311 1096 2352 43
1127 2313 1155 2352 t.
1186 2313 1224 2365 1,
1261 2325 1300 2352 a.
1330 2311 1386 2353 45
1418 2312 1446 2352 t.
1476 2313 1519 2354 2.

313 2379 396 2421 396
429 2385 469 2421 C.
492 2385 656 2421 VIBIVS
678 2385 838 2421 RVFVS
860 2379 939 2432 (sio
962 2378 1030 2421 VI
1042 2381 1168 2429 1237,
1182 2381 1413 2433 praeterea
1426 2379 1582 2422 Vibius
1603 2379 1774 2435 Rufus),
1797 2379 1846 2423 C.
1867 2380 1896 2425 f.
1919 2380 1988 2424 VI
1998 2383 2124 2432 1237,

400 2454 442 2489 et
461 2446 567 2489 sella
586 2447 783 2490 Caesaris
807 2447 1031 2490 dictatoris
1051 2462 1182 2504 quam
1202 2447 1388 2490 habebat
1403 2446 1683 2503 gloriabatur,
1709 2455 1752 2490 et
1768 2448 1883 2505 quod
1905 2448 2125 2493 Ciceronis

400 2516 618 2572 quondam
636 2523 772 2558 uxore
789 2522 995 2570 uteretur,
1014 2517 1138 2572 quasi
1159 2518 1221 2558 ita
1237 2522 1382 2558 orator
1401 2516 1571 2558 futurus
1586 2515 1676 2558 Dio
1689 2519 1753 2568 57,
1771 2519 1825 2560 15
1841 2517 1915 2570 (de
1928 2517 2126 2562 Terentia

397 2598 483 2626 non
512 2584 694 2639 eoyitari
714 2597 841 2638 posse
870 2584 979 2626 vidit
997 2584 1280 2627 Drumannus
1299 2588 1338 2636 6,
1360 2587 1457 2627 693.
1480 2588 1572 2636 696,
1596 2586 1771 2639 putavit
1798 2586 1981 2641 cogitari
1998 2599 2126 2642 posse

401 2653 449 2695 cle
479 2652 704 2707 Publilia).
764 2653 850 2696 Hic
879 2653 1045 2696 videtur
1074 2653 1231 2696 Vibius
1262 2653 1414 2708 Rufus,
1447 2654 1571 2696 euius
1601 2653 1935 2696 declamationes
1965 2655 2126 2712 passim

401 2721 505 2763 citat
525 2721 688 2764 Seneca
709 2724 840 2764 contr.
862 2726 900 2772 1,
918 2726 957 2773 1,
973 2725 1044 2765 12.
1070 2725 1108 2773 1,
1127 2726 1170 2773 2,
1187 2725 1258 2766 21.
1279 2725 1338 2765 23
1358 2725 1432 2764 cet.
1455 2720 1527 2776 (cf.
1549 2722 1675 2765 index
1696 2723 1935 2778 Kiesslinyi
1954 2737 2002 2778 p.
2022 2725 2127 2776 556,-

401 2790 572 2831 sordide
601 2790 713 2832 dixit
737 2794 775 2841 1,
797 2794 841 2841 2,
863 2794 934 2834 21.
955 2794 1025 2835 23.
1055 2794 1093 2842 9,
1115 2795 1159 2842 2,
1180 2793 1251 2843 25,
1282 2791 1553 2847 vituperatus
1584 2806 1610 2833 a
1641 2790 1786 2834 Cestio
1816 2792 1895 2835 Pio
1925 2795 1963 2844 9,
1993 2795 2032 2844 6,
2057 2795 2124 2844 13,

400 2857 599 2900 laudatus
630 2859 684 2901 ab
713 2859 866 2901 Asinio
894 2859 1088 2902 Pollione
1119 2863 1157 2910 9,
1180 2863 1224 2911 2,
1246 2859 1334 2909 25).
1362 2858 1526 2902 Consul
1545 2858 1634 2902 Dio
1654 2859 1682 2904 l.
1706 2873 1740 2905 c.
1788 2859 1945 2904 Consul
1961 2860 2126 2904 videtur

401 2926 531 2979 fuisse
561 2926 761 2978 suffectus
790 2942 829 2970 a.
853 2942 901 2982 p.
930 2928 1029 2972 Chr.
1052 2932 1116 2979 16,
1151 2928 1209 2971 aol
1227 2942 1346 2982 quem
1377 2942 1535 2970 annum
1564 2931 1605 2970 et
1631 2931 1837 2971 memorat
1865 2929 2126 2972 consulatum

402 2994 490 3036 eius
515 2994 615 3045 Dio,
648 2998 687 3037 et
714 2994 759 3037 Ο.
793 2995 959 3038 Vibium
981 2996 1173 3050 aliquem,
1196 2996 1401 3038 Libonem
1420 2995 1586 3050 quidem
1616 2995 1783 3047 dictum,
1810 2996 1886 3039 secl
1912 2996 2054 3040 errore
2077 2999 2127 3039 ut

401 3062 575 3113 videtur,
618 3064 824 3105 consulem
862 3064 1084 3116 suffectum
1123 3078 1216 3107 eum
1253 3064 1299 3107 Ο.
1329 3064 1532 3119 Pompeio
1570 3063 1788 3107 Graecina
1825 3065 1981 3108 habent
2019 3065 2129 3120 fasti

403 3130 603 3172 Antiates
624 3130 760 3185 (CIL.
787 3131 820 3173 I
843 3131 906 3173 ed.
926 3135 958 3174 2
980 3146 1027 3186 Ρ.
1051 3132 1136 3187 72),
1167 3133 1220 3187 cf.
1240 3145 1374 3187 supra
1394 3133 1469 3174 sub
1497 3131 1543 3176 Ο.
1576 3132 1698 3175 Vibio
1719 3133 1894 3176 Libone.
1940 3132 2126 3177 Curator

404 3199 594 3252 riparum
625 3206 668 3240 et
696 3199 809 3240 alvei
842 3199 1034 3253 Tiberis,
1076 3202 1239 3256 primus
1280 3203 1326 3243 in
1365 3200 1546 3256 collegio
1580 3201 1697 3256 cippi
1721 3202 1883 3244 urbani
1911 3201 1981 3245 VI
2000 3203 2124 3245 1237.

402 3268 534 3308 31544
565 3267 720 3321 (positi
747 3270 794 3308 ut
823 3267 988 3309 videtur
1017 3272 1114 3311 ante
1145 3284 1183 3311 a.
1214 3273 1283 3324 24,
1317 3270 1373 3323 ef.
1410 3268 1524 3312 (JIL.
1559 3269 1628 3312 VI
1640 3284 1689 3324 Ρ.
1709 3270 1824 3325 266).
1849 3295 1900 3300 -
1933 3269 2015 3313 Vix
2044 3268 2126 3312 huc

399 3334 614 3387 pertinent
644 3335 758 3377 Vibii
785 3336 892 3390 Rufii
920 3337 1162 3392 Tusculani,
1194 3338 1321 3380 XIV
1333 3341 1447 3382 2590
1477 3339 1532 3392 cf.
1564 3341 1679 3381 2556
1697 3351 1779 3393 seq.
