2242 3672
101 293 418 331 SEMPRONIVS
970 291 1051 335 195
1600 299 1918 336 SEMPRONIVS

183 425 382 468 honorem
402 425 492 468 eius
516 439 639 468 cusus
657 441 852 470 nummus
870 429 1303 473 Lacedaemoniorum
1324 430 1505 486 (Eckhel
1522 434 1566 481 2,
1588 432 1689 482 283,
1723 431 1922 474 Mionnet

181 495 318 550 suppl.
341 494 422 537 IV
432 498 536 546 221,
561 497 600 545 9,
632 495 1002 550 Imhoof-Blumer
1021 500 1239 542 monnaies
1257 512 1457 554 yreeques
1477 498 1629 555 [1883]
1650 514 1699 554 p.
1721 503 1819 550 172,
1843 502 1899 543 85
1907 513 1920 551 ;

182 577 286 606 mus.
309 563 471 618 Berol.)
503 578 595 606 cum
626 564 901 619 inscriptione
922 564 1138 624 Ἀτρατῖνος
1167 571 1207 610 et
1231 568 1382 623 eapite,
1413 567 1525 622 quod
1543 571 1686 623 potest
1715 583 1801 611 esse
1832 570 1922 611 eius

183 632 256 688 (ef.
287 631 676 687 Imhoof-Blumer
715 632 741 675 l.
784 636 849 687 0.).
922 634 1086 678 Consul
1126 635 1377 690 designatus
1417 636 1580 678 nummi
1615 650 1684 691 ap.
1726 637 1922 680 Babelon

183 716 226 746 n.
255 706 322 747 17.
353 705 409 744 18
446 701 553 758 (sine
584 702 711 745 dubio
752 718 865 746 anno
905 707 985 747 715
1024 705 1135 747 inter
1174 705 1378 759 reliquos,
1419 705 1586 759 quibus,
1619 719 1729 759 pace
1760 706 1925 749 Miseni

182 772 325 826 facta,
372 771 615 814 consula-tus
655 771 888 814 destinatus
929 776 1010 822 est,
1053 774 1107 827 ef.
1139 773 1351 828 Boryhesi
1385 788 1478 828 opp.
1510 777 1554 824 2,
1585 773 1697 828 417).
1759 774 1920 818 Consul

182 856 218 883 a.
254 841 337 884 720
376 855 474 883 cum
504 840 556 883 L.
590 840 818 883 Scribonio
859 841 1028 884 Libone
1068 843 1196 896 fasti,
1239 858 1265 884 a
1294 842 1354 884 M.
1389 842 1577 886 Antonio
1615 843 1791 886 consule
1827 842 1918 887 ord.

183 908 264 952 sibi
305 909 509 952 suffectus
551 910 656 966 ipsis
695 909 783 952 kal.
815 911 1029 952 Ianuariis
1064 910 1152 953 Dio
1191 915 1259 961 49,
1290 914 1344 954 39
1385 911 1439 965 ef.
1472 910 1586 966 App.
1629 912 1665 955 b.
1708 926 1742 954 c.
1782 915 1822 963 5,
1853 915 1917 956 73.

181 977 420 1022 Proconsul
461 977 674 1033 (Africae)
704 979 813 1033 fasti
842 979 1040 1034 triumph.
1070 978 1176 1034 Cap.
1232 979 1493 1036 Triumphat
1523 995 1579 1022 ex
1608 979 1761 1023 Africa
1792 980 1829 1022 d.
1869 982 1919 1022 12

181 1047 273 1092 Oct.
311 1047 393 1091 7253
423 1048 531 1102 fasti
559 1048 759 1102 triumph.
794 1047 899 1103 Cap.
933 1047 1070 1104 (CIL.
1102 1049 1137 1091 I
1159 1049 1220 1093 ed.
1252 1052 1284 1092 2
1315 1063 1362 1103 p.
1384 1051 1456 1105 50)
1467 1063 1481 1101 ,·
1512 1050 1566 1103 cf.
1600 1050 1686 1092 tab.
1719 1049 1917 1104 triumph.

181 1116 366 1161 Barber.
398 1115 471 1169 (ib.
496 1132 544 1171 p.
568 1116 651 1171 77).
711 1116 966 1160 Morborum
1007 1116 1149 1159 taedio
1192 1119 1236 1159 in
1276 1116 1431 1159 balneo
1472 1132 1552 1160 sua
1590 1118 1812 1161 voluntate
1849 1134 1920 1160 ex-

181 1187 416 1240 animatus,
459 1185 661 1228 heredem
701 1184 879 1242 reliquit
918 1185 1165 1240 Augustum
1199 1185 1487 1240 Hieronymus
1527 1186 1586 1229 ad
1625 1201 1663 1231 a.
1701 1190 1822 1230 1996.
1866 1213 1917 1217 ——

182 1254 451 1298 Adulescens
472 1254 659 1297 disertus
686 1255 741 1309 (a.
764 1255 866 1310 698)
890 1254 977 1298 Cio.
992 1269 1079 1309 pro
1101 1254 1216 1298 Cael.
1237 1258 1273 1305 7,
1291 1257 1354 1297 15.
1397 1254 1553 1298 Clarus
1585 1256 1698 1298 inter
1729 1264 1919 1299 oratores

181 1324 467 1379 Hieronymus
488 1324 515 1366 l.
538 1338 571 1368 c.
590 1348 646 1354 —
665 1324 810 1367 Huius
839 1327 887 1366 ut
916 1324 1082 1366 videtur
1112 1324 1288 1366 libertus
1314 1324 1363 1366 L.
1388 1323 1669 1380 Sempronius
1699 1324 1919 1367 Lethaeus

178 1393 370 1436 Atratini
401 1392 429 1437 l.
462 1392 531 1435 VI
543 1395 652 1436 6835
662 1407 675 1445 ;
704 1393 804 1435 item
833 1393 959 1435 huius
995 1396 1043 1435 ut
1076 1392 1242 1435 videtur
1271 1392 1322 1434 L.
1356 1392 1639 1449 Sempronius
1670 1392 1859 1436 Atratini
1891 1393 1917 1437 l.

180 1461 431 1519 Polyclitus,
455 1461 678 1518 Thyatiris
700 1462 868 1504 scribac
889 1461 1051 1519 publici
1077 1461 1380 1519 (γραμματέως)
1403 1476 1582 1503 munere
1602 1461 1776 1504 functus
1800 1462 1918 1505 Ball.

179 1531 230 1574 de
264 1546 371 1574 corr.
402 1531 498 1574 hell.
529 1533 640 1573 1886
665 1546 710 1586 p.
741 1535 836 1574 401.
871 1557 929 1561 -
965 1531 1182 1574 Incertum
1217 1545 1318 1573 num
1357 1530 1427 1573 hic
1467 1530 1694 1573 Atratinus
1737 1533 1919 1573 maritus

180 1600 351 1643 Anniae
385 1600 454 1643 VI
475 1603 624 1643 11748.
695 1600 901 1643 Fortasse
943 1600 996 1642 ab
1033 1600 1110 1643 hoo
1146 1599 1352 1642 oriundus
1386 1599 1618 1642 Atratinus
1653 1599 1798 1642 consul
1829 1599 1918 1644 ord.

179 1684 219 1714 a.
241 1672 308 1714 89.
368 1669 436 1724 Cf.
459 1672 689 1724 praeterea
719 1670 795 1712 sub
828 1669 1086 1724 Sempronia
1116 1668 1340 1712 Atratina.

2 1789 4 1792 ξ
92 1738 173 1782 261
206 1745 251 1783 L.
284 1745 599 1781 SEMPRONIVS
633 1745 659 1780 O
678 1772 687 1781 .
708 1772 718 1781 .
737 1772 746 1781 .
767 1772 776 1782 .
809 1745 996 1781 CELSVS
1036 1738 1334 1794 [SERV]ILIVS
1362 1744 1613 1780 FABIANVS
1644 1738 1695 1780 L.
1728 1738 1769 1792 f.,
1803 1738 1920 1780 tribu

179 1808 304 1862 Quir.
333 1809 485 1864 (pater
523 1812 564 1851 et
602 1810 738 1852 tribus
774 1823 859 1851 non
899 1809 1042 1851 statim
1074 1811 1176 1863 post
1216 1807 1462 1862 Sempronii
1499 1807 1572 1850 sed
1597 1811 1699 1862 post
1737 1807 1785 1849 ist
1813 1807 1923 1862 quod

177 1878 429 1932 sequebatur
464 1892 615 1920 nomen
659 1878 867 1921 collocata
905 1878 951 1920 in
991 1877 1063 1932 t.)‚
1109 1876 1372 1934 pr[oconsul]
1415 1878 1665 1933 provinciae
1701 1878 1917 1932 Baeticae,

179 1946 389 1989 iuridicus
420 1962 499 2004 per
529 1946 733 2003 Apuliam
767 1954 809 1989 et
839 1945 1087 1989 Calabriam
1120 1979 1242 1988 .....
1277 1946 1345 1988 VI
1367 1947 1529 1990 1513l4.

91 2016 175 2058 262
207 2015 487 2073 Sempronius
520 2015 765 2071 Caelianus,
799 2017 1000 2071 egregius
1032 2016 1220 2069 iuvenis,
1259 2015 1367 2057 duos
1400 2030 1548 2056 servos
1578 2021 1772 2071 repertos
1805 2016 1918 2057 inter

179 2084 340 2127 tirones
380 2086 498 2127 misit
537 2085 592 2127 ad
634 2085 824 2127 Plinium
864 2084 1053 2140 legatum
1095 2083 1329 2141 Bithyniae
1366 2082 1586 2138 (tribunus
1626 2082 1814 2125 militum
1852 2082 1919 2125 vel

179 2153 424 2210 praefectus
458 2160 503 2196 ut
532 2153 722 2205 videtur)
755 2154 876 2196 Ptin.
899 2153 957 2196 ad
991 2153 1108 2196 Trai.
1130 2155 1202 2196 29.
1233 2155 1298 2194 30.

92 2223 176 2265 263
208 2222 520 2279 [Sem]pronius
552 2222 796 2278 Cresce[n]s
835 2222 1114 2277 (yentilicium
1145 2224 1288 2276 potest
1318 2221 1454 2263 etiam
1485 2220 1617 2274 fuisse
1649 2219 1918 2277 [A]pronius)

177 2293 425 2334 nominatur
455 2293 499 2334 in
531 2299 785 2334 testamento
818 2292 1016 2333 Dasumii
1050 2291 1119 2333 VI
1140 2293 1286 2333 10229
1316 2303 1352 2331 v.
1376 2292 1447 2332 21.

93 2360 178 2404 264
207 2360 488 2418 Sempronius
515 2362 691 2403 Densus
725 2359 933 2418 (Ἴνὸρισος
964 2375 1042 2416 pro
1074 2360 1227 2416 Δῆνσος
1258 2358 1410 2412 Part),
1449 2359 1644 2400 centurio
1676 2358 1919 2414 praetoriae

179 2429 380 2485 cohortis,
412 2444 489 2487 pro
523 2430 680 2472 Pisone
712 2445 757 2471 se
787 2428 1118 2486 percussoribus
1150 2428 1352 2485 opposuit
1381 2427 1477 2470 Tae.
1500 2426 1540 2468 h.
1563 2430 1602 2477 1,
1629 2430 1683 2469 43
1714 2425 1918 2480 (Galbam

178 2506 329 2542 contra
359 2513 634 2556 percussores
666 2499 902 2541 defendens
935 2499 1102 2540 occisus
1139 2504 1202 2540 est
1233 2496 1353 2540 Plut.
1383 2496 1511 2539 Galo.
1542 2499 1611 2546 26,
1649 2495 1737 2538 Dio
1769 2499 1832 2546 64,
1861 2496 1919 2549 6).

93 2568 175 2610 265
208 2574 525 2610 SEMPRONIVS
568 2574 829 2611 GRACCHVS
875 2567 1056 2610 ‘familia
1096 2566 1252 2619 nobili,
1294 2565 1444 2607 sollers
1482 2565 1655 2620 ingenio
1699 2571 1740 2607 et
1784 2579 1919 2621 prave

178 2636 407 2679 facundus‘
438 2637 536 2679 Tae.
562 2652 600 2679 a.
625 2641 662 2688 1,
684 2640 749 2681 53.
801 2636 1008 2679 Fortasse
1027 2635 1095 2678 hic
1117 2633 1342 2678 Gracchus
1366 2640 1494 2690 poeta
1524 2634 1715 2688 tragicus
1744 2633 1919 2676 Ovidius

179 2719 229 2748 ex
248 2705 300 2748 P.
321 2709 360 2756 4,
382 2710 445 2756 16,
468 2709 534 2757 31,
558 2706 813 2749 Priscianus
831 2706 865 2748 I
868 2721 916 2760 p.
932 2709 1030 2749 206.
1052 2708 1136 2747 269
1158 2704 1292 2747 Hertz
1312 2706 1461 2758 (supra
1479 2702 1520 2746 G
1542 2702 1655 2757 127).
1705 2703 1920 2745 Incertum

178 2788 280 2816 num
319 2775 386 2817 hie
433 2775 493 2819 Ti.
537 2775 814 2830 Sempronius
852 2774 1073 2817 Gracchus
1113 2774 1309 2816 triumvir
1349 2772 1571 2814 monetalis
1609 2773 1686 2814 sub
1726 2772 1920 2827 Augusto

179 2843 317 2898 (infra
345 2859 387 2886 n.
419 2843 533 2898 267).
595 2843 782 2887 Adulter
821 2843 958 2886 Iulia-e
999 2849 1087 2884 tam
1128 2843 1229 2884 vivo
1269 2841 1328 2885 M.
1362 2841 1560 2897 Agrippa
1601 2855 1732 2897 quam
1772 2848 1920 2896 postea

180 2927 279 2954 cum
310 2912 473 2955 Tiberii
507 2929 617 2956 uxor
648 2920 762 2956 esset
788 2913 887 2956 Tae.
920 2928 958 2957 a.
992 2916 1030 2963 1,
1057 2915 1123 2962 53,
1158 2911 1259 2954 Vell.
1287 2914 1330 2962 2,
1353 2914 1461 2962 100,
1492 2910 1546 2952 ab
1577 2925 1625 2951 co
1658 2910 1919 2965 compositae

180 2981 471 3025 credebantur
501 2982 671 3025 litterae
693 2998 800 3039 quas
822 2981 935 3024 Iulia
955 2982 1068 3038 patri
1091 2981 1289 3035 Augusto
1321 2995 1419 3022 cum
1450 2980 1732 3021 insectatione
1754 2978 1917 3020 Tiberii

180 3051 413 3106 scripserat
438 3052 477 3093 T
473 3066 537 3094 ac.
559 3055 598 3102 1,
619 3055 688 3094 53.
740 3050 793 3093 A.
819 3051 901 3093 753
933 3051 972 3092 in
1009 3049 1193 3091 insulam
1215 3048 1442 3091 Cercinam
1466 3047 1684 3102 relegatus
1712 3047 1751 3089 T
1747 3061 1810 3088 ae.
1834 3046 1860 3088 l.
1884 3060 1917 3088 c.

181 3119 235 3172 cf.
273 3118 373 3163 Vell.
404 3123 447 3170 2,
479 3123 562 3161 100
594 3119 743 3173 (fuisse
778 3134 870 3161 eum
911 3119 1128 3160 tribunum
1159 3117 1300 3172 plebis
1342 3131 1452 3159 anno
1485 3119 1585 3167 752,
1629 3115 1787 3157 seilicet
1827 3129 1918 3156 eima

179 3186 289 3229 inter
319 3187 534 3230 adulteros
554 3188 696 3230 Iuliae
725 3202 846 3242 quem
876 3190 1022 3230 exacto
1055 3186 1219 3228 demum
1251 3186 1494 3227 tribunatus
1526 3199 1637 3226 anno
1670 3183 1918 3225 (taranatum

181 3268 267 3297 esse
309 3259 466 3298 narrat
509 3255 597 3299 Dio
636 3259 702 3307 55,
744 3260 812 3307 10,
859 3256 1036 3298 coniecit
1077 3253 1353 3309 Nipperdey).
1424 3253 1578 3296 Comes
1620 3253 1658 3294 ei
1700 3252 1744 3292 in
1786 3250 1916 3292 exilio

182 3322 231 3366 C.
264 3323 488 3367 Gracchus
521 3325 635 3367 filius
667 3325 810 3368 infans
843 3325 940 3367 Tac.
965 3338 1004 3366 a.
1034 3327 1072 3374 4,
1097 3326 1162 3365 13.
1212 3323 1267 3365 A.
1290 3323 1372 3365 767
1405 3323 1479 3375 (Σ
1499 3337 1543 3378 p.
1567 3321 1670 3364 Chr.
1695 3321 1766 3373 14)
1800 3320 1918 3390 iussu

183 3391 347 3435 Tiberii
379 3394 546 3435 occisus
582 3393 680 3436 Tac.
714 3407 754 3436 a.
786 3397 824 3444 1,
852 3396 918 3436 53.
979 3392 1104 3435 Uxor
1134 3390 1318 3433 Alliaria
1354 3391 1452 3433 Tac.
1486 3390 1512 3432 l.
1545 3403 1578 3432 c.

1573 3457 1641 3493 13*
