2242 3672
324 277 488 314 VIBIVS
1188 267 1271 310 422
1302 278 1304 280 ’
1965 271 2130 309 VIBIVS

325 409 408 451 383
440 408 487 452 O.
510 407 663 450 Vibius
695 405 846 450 Gallus
873 404 1194 458 Proculeianus,
1230 403 1279 446 O.
1301 403 1344 454 f.,
1376 403 1428 446 L.
1450 418 1506 458 n.‚
1537 402 1654 445 tribu
1674 402 1774 445 Tro.
1807 402 1981 458 (seilicet
2000 403 2132 447 Peru-

410 477 557 532 sinus),
575 474 808 516 honoribus
826 474 1032 518 Perusiae
1049 472 1234 526 functus,
1257 472 1391 514 iudex
1407 471 1462 513 de
1482 473 1675 528 quinque
1696 471 1905 514 decuriis:
1928 473 1967 515 ei
1990 480 2132 516 statua

410 546 548 601 posita
578 559 615 585 a.
642 544 724 585 205
755 557 780 583 a
798 541 927 584 Vibio
955 541 1276 583 Veldumniano
1298 547 1453 597 nepote
1477 543 1506 583 t.
1524 540 1759 583 Perusinus
1776 541 1857 584 XI
1868 544 1994 584 1926.
2025 540 2132 585 Pro-

413 625 514 654 avus
541 611 706 653 videtur
734 610 867 663 fuisse
894 608 940 652 G.
974 608 1088 651 Vibii
1112 609 1373 652 Treboniam
1398 608 1522 652 Galli
1539 609 1737 664 Auqusti,
1770 610 1929 652 abavus
1948 609 1993 653 0.
2020 610 2136 653 Vibii

410 680 552 735 Afinii
589 678 711 721 Galli
750 678 1049 720 Veldumniani
1088 677 1311 720 Volusiani
1336 677 1544 733 Auyusti,
1576 679 1631 732 ef.
1662 679 1784 732 infra
1814 679 1890 721 sub
1928 678 1975 722 G.
2012 678 2132 722 Vibio

415 748 679 791 Treboniano
716 746 844 790 Gallo
886 749 925 789 et
964 746 1086 789 Vibio
1126 746 1443 798 Veldumniano‚
1484 747 1587 789 item.
1615 750 1790 790 stemma
1827 747 2035 790 adiectum
2076 746 2158 790 ad·

405 818 486 861 XI
507 820 629 860 1926.

323 888 407 929 384
436 894 482 929 A.
513 892 677 928 v1131vs
707 890 934 939 HABITVS,
969 884 1018 927 O.
1040 884 1084 938 f.,
1117 883 1166 928 O.
1188 899 1229 928 n.
1261 885 1369 938 fasti·
1395 883 1514 939 Gap„
1546 884 1696 927 consul
1725 885 1821 929 suff.
1853 900 1891 927 a.
1912 899 1955 941 p.
1979 884 2082 929 Chr.
2105 885 2131 927 8

410 970 464 996 ex
489 955 533 996 k.
556 953 636 997 Iul.
658 968 751 995 cum
776 954 827 995 L.
849 952 1042 1008 Apronio
1069 952 1177 1006 fasti
1204 951 1335 1006 Cap.;
1364 951 1432 994 VI
1444 955 1596 996 21383.
1646 953 1766 996 Idem
1783 957 1834 996 ut
1852 957 1961 1009 puto
1981 953 2133 1009 (Αὖλος

411 1022 542 1080 Βίβιος
566 1019 744 1078 ’Άβιτος),
774 1020 908 1062 frater
929 1019 978 1063 O.
1001 1020 1122 1063 Vibii
1144 1020 1337 1062 Postumi
1363 1021 1563 1076 (consulis
1581 1024 1631 1063 ut
1648 1021 1812 1064 violetur
1832 1037 1872 1065 a.
1885 1037 1933 1078 p.
1953 1022 2057 1066 Chr.
2073 1023 2129 1078 5),

409 1097 550 1132 statua
580 1090 814 1132 honoratus
843 1089 922 1131 Tei
953 1089 1094 1131 Lebas
1122 1091 1162 1139 3,
1194 1092 1275 1131 103
1305 1087 1469 1142 (melius
1497 1104 1624 1143 quam
1654 1089 1777 1133 OIG.
1805 1093 1946 1149 3084).

323 1161 404 1202 385
435 1166 487 1201 M.
518 1165 681 1200 VIBIVS
722 1164 991 1199 LIBERALIS
1034 1156 1184 1200 consul
1224 1158 1318 1201 suff.
1358 1173 1396 1200 a.
1431 1159 1512 1201 166
1550 1173 1684 1202 mens.
1725 1160 1853 1203 Mart.
1884 1159 1993 1217 Apr.
2033 1174 2132 1203 eum

409 1229 455 1270 P.
488 1227 645 1269 Martio
676 1226 792 1268 Vero
822 1225 923 1280 dipl.
949 1226 1038 1268 mil.
1071 1226 1238 1278 (IIIS.
1261 1226 1479 1281 p.1991);
1510 1230 1539 1269 t.
1569 1226 1806 1271 Perusinus
1831 1228 1913 1271 XI
1933 1231 2054 1274 1924.
2073 1253 2132 1259 -—

409 1296 551 1338 Multo
581 1295 797 1349 antiquior
826 1294 886 1336 M.
918 1294 1072 1336 Vibius
1106 1294 1317 1336 Liberalis
1348 1295 1397 1337 X
1419 1297 1542 1346 3047,
1574 1299 1628 1338 19
1658 1294 1919 1353 (Pompeiis).

323 1365 406 1406 386
438 1370 478 1406 C.
510 1369 675 1405 VIBIVS
713 1368 829 1404 LIBO
876 1362 1024 1404 consul
1055 1363 1151 1405 suff.
1183 1378 1220 1406 a.
1252 1378 1294 1419 p.
1327 1362 1429 1406 Chr.
1466 1365 1518 1406 16
1549 1379 1647 1406 cum
1678 1363 1727 1408 C.
1758 1366 1966 1423 Pompeio
1997 1365 2131 1410 Grae-

409 1434 507 1474 cina
536 1432 707 1487 (rectius
742 1430 980 1486 Pomponio
1013 1430 1242 1485 Graecino)
1281 1432 1389 1485 fasti
1416 1431 1615 1475 Antiates
1645 1429 1756 1478 CIL.
1787 1434 1823 1476 I
1843 1434 1905 1477 ed.
1935 1438 1968 1479 2
1995 1449 2045 1490 p.
2075 1438 2134 1479 72

407 1521 463 1536 =
491 1501 540 1543 X
567 1503 685 1543 6639.
738 1499 911 1543 Videtur
942 1500 1121 1542 Libonis
1151 1513 1375 1554 ooynomen
1405 1515 1546 1543 errore
1576 1501 1634 1544 acl
1658 1502 1768 1545 huno
1796 1503 1963 1546 Vibium
1992 1506 2133 1547 trans-

409 1570 557 1620 latum,
585 1583 605 1610 e
624 1582 745 1610 versu
763 1568 990 1622 superiore,
1020 1569 1097 1610 ubi
1122 1567 1227 1610 addi
1255 1568 1397 1611 debuit
1416 1570 1467 1612 L.
1491 1570 1712 1613 Scribonii
1737 1571 1910 1622 nomini,
1941 1574 1982 1615 et
2005 1573 2134 1628 siqni-

407 1638 534 1693 fieari
564 1635 608 1680 G.
640 1636 787 1679 Vibius
815 1636 970 1691 Rufus,
1005 1637 1059 1690 ef.
1092 1637 1212 1690 infra
1227 1648 1282 1681 n.
1302 1640 1396 1680 396.

326 1708 407 1750 387
440 1708 488 1749 P.
514 1706 672 1748 Vibius
702 1706 948 1760 Marianus,
991 1705 1041 1747 P.
1072 1705 1124 1760 f.,
1163 1706 1359 1748 Dertona
1390 1707 1620 1761 oriundus,
1658 1716 1756 1764 post
1783 1709 1927 1752 varias
1956 1709 2132 1753 militias

409 1781 627 1831 equestres
685 1780 941 1829 procurator
1001 1781 1043 1815 et
1102 1788 1276 1836 praeses
1325 1776 1579 1830 provinciae
1628 1775 1875 1832 Sardiniae,
1932 1779 2132 1834 egregiae

408 1843 640 1885 memoriae
684 1843 774 1892 vir-3
824 1843 1004 1884 maritus
1049 1843 1259 1896 Reginiae
1303 1843 1546 1898 Maximam,
1596 1851 1720 1900 pater
1762 1844 1919 1888 Vibiae
1967 1846 2133 1890 Mariae

407 1912 626 1953 Maximae
657 1910 919 1953 clarissimae
948 1910 1158 1966 feminae3
1194 1911 1392 1954 conditus
1431 1927 1566 1969 prope
1603 1914 1783 1956 Romam
1813 1914 1868 1956 ad
1897 1914 2132 1958 miliarium

409 1981 609 2036 quintum
645 1979 742 2020 viae
773 1978 949 2021 Cassiae
980 1979 1048 2021 VI
1069 1982 1189 2022 1636.

323 2050 404 2091 388
438 2054 478 2091 C.
510 2054 673 2089 VIBIVS
704 2053 915 2089 MARSVS.
981 2047 1135 2089 Tituli:
1173 2047 1413 2102 Africanus
1453 2048 1577 2091 VIII
1597 2052 1732 2092 10568
1762 2049 1846 2105 (1);
1875 2055 2134 2095 memoratur

406 2117 453 2158 in
479 2116 698 2158 Tiburtino
718 2115 844 2157 XIV
854 2119 967 2158 3607
987 2116 1062 2171 (2).
1116 2117 1294 2158 Nummi
1321 2116 1588 2168 Uticensium‚
1620 2132 1688 2172 ap.
1713 2119 1898 2162 Mueller
1920 2119 2130 2164 Nuanism.

408 2185 456 2227 ole
486 2184 715 2226 l'aneienne
741 2184 927 2238 Afrique
957 2185 1018 2227 II
1031 2199 1079 2238 p.
1103 2188 1196 2228 160.
1229 2188 1311 2227 161
1339 2199 1380 2230 n.
1412 2188 1625 2229 355-373.
1662 2211 1712 2217 —-
1748 2187 1854 2230 Tria
1882 2189 2056 2232 nomina
2083 2190 2131 2232 in

405 2253 584 2299 nummis
622 2255 661 2294 et
698 2252 746 2294 in
783 2253 912 2306 fastis
939 2253 1191 2296 Antiatibus
1205 2287 1215 2304 ‚
1256 2254 1356 2296 item
1396 2257 1424 2296 t.
1450 2258 1500 2306 1‚·
1539 2254 1704 2312 Μάρσος
1743 2256 1932 2312 Ioseph„
1973 2256 2129 2301 Vibius

407 2320 577 2362 Marsus
613 2321 726 2371 Tae..
759 2322 814 2375 cf.
846 2325 874 2364 t.
906 2325 949 2366 2.

493 2388 654 2431 Consul
684 2390 778 2432 suff.
809 2406 846 2432 a.
874 2406 915 2446 p.
938 2391 1040 2433 Chr.
1065 2392 1116 2434 17
1149 2406 1249 2433 cum
1280 2392 1330 2436 L.
1353 2391 1558 2434 Voluseio
1591 2393 1776 2436 Proculo
1807 2395 1916 2448 fasti
1932 2395 2133 2439 Antiates

408 2457 544 2512 (CIL.
567 2458 601 2499 I
625 2458 685 2500 eol.
708 2462 740 2501 2
761 2474 808 2513 p.
834 2460 918 2513 72),
950 2461 1056 2513 fasti
1085 2461 1213 2514 fratr.
1235 2460 1341 2502 Arv.
1369 2461 1441 2516 (ib.
1470 2476 1513 2515 p.
1539 2461 1619 2516 70).
1667 2463 1859 2518 Legatus
1882 2465 2131 2508 Germanici

408 2527 453 2567 in
492 2522 694 2578 Oriente,
736 2542 774 2569 a.
817 2529 868 2569 19
914 2528 1118 2570 defuncto
1166 2544 1214 2570 eo
1261 2530 1452 2584 regimen
1500 2530 1653 2585 Syriae
1697 2531 1855 2586 ambit,
1899 2533 1973 2575 sed
2017 2533 2133 2576 cedit

408 2594 556 2636 Sentio
590 2594 822 2637 Saturnino
864 2597 1023 2652 quippe
1063 2598 1220 2639 seniori
1258 2598 1355 2639 Tae.
1389 2612 1428 2640 a.
1460 2601 1504 2648 2,
1538 2602 1601 2640 74.
1660 2599 1840 2641 Romam
1881 2600 1995 2644 redit
2033 2616 2132 2644 cum

408 2662 651 2718 Agrippina
681 2663 737 2705 ib.
770 2677 802 2706 e.
824 2667 891 2706 79.
938 2665 991 2706 A.
1014 2666 1068 2706 26
1099 2666 1354 2706 sententiam
1386 2665 1493 2707 dicit
1523 2666 1564 2707 in
1596 2673 1750 2709 senatu
1778 2668 1834 2710 ib.
1854 2672 1893 2719 4,
1914 2671 1980 2711 56.
2026 2669 2130 2712 Pro-

407 2730 556 2771 consul
586 2730 759 2772 Africae
791 2735 818 2773 t.
851 2736 889 2782 1,
916 2734 1087 2783 nummi,
1120 2748 1198 2789 per
1228 2748 1363 2775 annos
1394 2740 1481 2775 tres
1514 2738 1541 2776 t.
1573 2738 1611 2785 1,
1651 2737 1814 2778 nummi
1842 2750 1911 2791 ap.
1945 2727 2132 2781 Mueller

406 2813 448 2840 n.
469 2801 547 2840 359
567 2812 647 2852 seq.
677 2802 759 2841 368
778 2813 859 2853 seq.
893 2801 1112 2855 (secundus
1134 2815 1272 2844 annus
1290 2806 1549 2845 memoratur
1569 2804 1616 2845 in
1644 2805 1826 2847 nummis
1854 2819 1896 2847 n.
1915 2807 1997 2848 355
2015 2805 2130 2860 seq),

409 2867 464 2909 ab
496 2882 534 2908 a.
557 2868 610 2909 27
642 2867 697 2908 ad
727 2883 765 2912 a.
788 2869 842 2909 30
875 2872 902 2910 t.
923 2874 961 2911 1.
1015 2870 1067 2911 A.
1091 2871 1143 2912 37
1174 2871 1409 2913 maiestatis
1440 2878 1687 2920 accusatus,
1721 2873 1963 2929 periculum
1995 2875 2132 2917 evasit

380 2931 386 2936 “
481 2942 543 2977 rte
575 2935 738 2977 Tiberii
775 2937 874 2978 Tae.
908 2952 946 2979 a.
980 2942 1016 2991 6,
1048 2942 1115 2980 47.
1142 2942 1207 2981 48.
1264 2940 1454 2995 Legatus
1487 2941 1738 2997 provinciae
1768 2941 1922 2998 Syriae
1957 2943 2056 2986 Tae.
2088 2957 2129 2986 a.

411 3007 474 3054 11,
534 3007 572 3054 0,
603 3018 823 3046 successor
856 3006 900 3049 P.
932 3007 1122 3048 Petronii
1156 3010 1290 3061 (circa
1319 3024 1356 3052 a.
1384 3009 1457 3063 42)
1488 3010 1653 3064 Ioseph.
1686 3013 1773 3052 ant.
1803 3013 1869 3061 19,
1901 3014 1938 3061 6,
1966 3014 2005 3055 4.
2059 3011 2131 3054 In-

410 3072 523 3112 imici
548 3074 587 3113 'a
618 3073 731 3114 inter
758 3088 853 3115 eum
884 3082 926 3116 et
946 3075 1186 3132 Agrippam
1208 3091 1354 3130 regem
1375 3078 1431 3119 ib.
1454 3081 1518 3128 19,
1544 3082 1580 3130 7,
1600 3082 1656 3130 2,·
1673 3081 1714 3129 8,
1736 3082 1786 3130 1;
1805 3082 1845 3129 9,
1866 3082 1907 3122 2.
1936 3081 2006 3130 20,
2033 3082 2066 3130 1,
2089 3082 2128 3124 1.

409 3139 556 3181 Paullo
619 3148 684 3182 ost
713 3149 893 3184 mortem
927 3145 1148 3200 Agrippae
1186 3146 1312 3200 (certe
1343 3149 1440 3188 ante
1471 3160 1629 3188 annum
1658 3149 1769 3198 47s8,
1807 3148 1862 3201 ef.
1892 3161 2026 3202 supra
2051 3146 2129 3189 sub

411 3206 452 3248 O.
484 3207 627 3249 Cassio
658 3210 868 3265 Lonyino)
910 3221 1136 3254 revocatus
1179 3229 1204 3254 a
1243 3213 1449 3269 Claudio,
1492 3216 1622 3271 inque
1661 3214 1803 3258 locum
1843 3216 1935 3257 eius
1975 3216 2130 3258 missus

410 3274 582 3317 Cassius
613 3277 837 3331 Longinus
879 3280 1038 3333 Ioseph.
1068 3285 1140 3331 20,
1173 3286 1210 3331 1,
1242 3286 1279 3324 1.
1322 3306 1377 3311 —-
1416 3283 1600 3325 Maritus
1641 3290 1690 3325 ut
1728 3283 1902 3325 videtur
1939 3283 2126 3338 Laeliae,
2206 3299 2242 3350 ἶ

410 3348 534 3396 pater
554 3343 722 3395 Vibiae‚
756 3359 878 3387 socer
900 3348 945 3388 P.
970 3348 1129 3390 Plautii
1163 3349 1339 3391 Pulchri
1371 3354 1398 3392 t.
1421 3355 1463 3395 2.
1485 3376 1541 3380 —
1564 3351 1730 3394 Studiis
1761 3350 1940 3394 illustris
1957 3342 2066 3394 'Tam
2086 3365 2128 3396 a.
