2242 3672
295 265 471 302 VLPIVS
1153 258 1238 300 464
1916 267 2098 303 VLPIVS

380 395 512 438 dubio
543 395 789 437 Marcianae
819 395 960 450 (infra
987 408 1028 437 n.
1058 397 1172 450 584).
1230 394 1372 436 Divus
1402 396 1574 446 nwmmi,
1607 395 1797 439 nondum
1828 403 2100 441 consecratus

380 479 417 506 a.
451 464 531 506 100
561 462 679 505 Plin.
711 462 737 504 l.
770 477 817 513 e.,
850 477 904 504 ne
935 477 1047 504 anno
1082 463 1162 505 112
1194 462 1368 518 quidem
1401 466 1428 505 t.
1461 466 1499 506 6.

294 532 375 574 575
406 538 457 575 M.
480 538 651 573 VLPIVS
674 537 1003 573 TRAIANVS—
948 561 1003 565 -—
1023 538 1124 572 IMP.
1144 537 1339 573 CAESAR
1359 537 1534 574 NERVA
1555 538 1805 576 TRAIANVS
1827 541 2099 578 AVGVSTVS.

379 599 532 656 Ulpius
555 600 766 641 Traianus
786 600 857 641 m't.
876 599 1014 642 Hadr.
1032 602 1070 649 1,
1087 603 1126 650 4,
1147 600 1218 644 vit.
1231 599 1378 642 Anrel.
1392 603 1457 651 14,
1471 603 1508 651 6,
1533 600 1674 644 Victor
1691 601 1811 645 Caes.
1827 606 1893 654 13,
1917 603 2013 657 epit.
2030 606 2098 655 13,

378 667 569 725 Τραιανὸς
588 670 608 711 ὁ
632 667 806 715 Οὔλπιος
825 667 912 710 Dio
935 668 1107 723 (Xipn.)
1129 671 1193 723 67,
1217 672 1286 712 12.
1338 668 1511 725 ‘Ulpius
1532 670 1586 712 ab
1607 685 1688 713 avo
1710 671 1862 726 dietus,
1885 672 2100 716 Traianus
2180 710 2182 713 ,

378 751 403 778 a
433 736 562 778 Traio
603 737 769 792 paterni
810 737 981 791 generis
1022 742 1198 779 auctore
1208 769 1218 791 ,
1261 736 1332 778 vel
1363 737 1417 779 de
1457 739 1630 781 nomine
1662 739 1839 782 Traiani
1870 741 2006 797 patris
2037 740 2100 783 sio

377 804 632 861 appellatus³
663 805 763 848 Vz'et.
787 806 883 859 epit.
905 808 970 848 13.
1018 805 1078 848 Μ.
1101 819 1364 859 praenomen
1384 810 1446 849 est
1470 806 1538 850 VI
1548 810 1672 859 1988,
1703 809 1802 851 item
1823 823 1892 863 αφ.
1912 807 2101 852 Dionem

376 876 440 924 68,
473 877 501 916 3
532 871 707 926 (Zonar.
740 877 806 924 11,
838 873 925 928 20),
958 873 1183 917 Sidoniam
1211 873 1356 928 Apoll.
1383 877 1423 925 8,
1459 879 1524 926 10,
1561 879 1600 927 3,
1642 877 1920 932 confirmatur
1962 876 2103 934 titulis

377 943 634 985 libertorum.
658 968 709 972 —
733 942 890 999 Ulpius
922 942 1116 985 Crinitus
1147 943 1362 985 Traianus
1391 944 1574 999 Entrop.
1595 947 1634 996 8,
1657 948 1699 997 2,
1732 945 1888 1003 Ulpius
1918 960 1945 987 a
1973 950 2097 1001 patre

377 1011 529 1066 dietus,
563 1011 753 1054 Crinitus
776 1027 802 1053 a
823 1027 870 1053 re
887 1012 979 1064 (διὰ
1005 1014 1074 1069 τὴν
1097 1014 1183 1069 περὶ
1204 1013 1273 1060 τὰς
1293 1017 1363 1069 τῆς
1387 1017 1567 1071 κεφαλῆς
1588 1015 1708 1058 αὐτοῦ
1736 1017 1873 1072 τρίχας
1903 1014 2098 1072 σπουδήν)

375 1080 438 1125 Io,
470 1080 614 1135 Lydus
645 1080 693 1123 de
723 1094 850 1123 mens.
880 1085 918 1131 4,
951 1083 1004 1122 18
1046 1081 1330 1137 (temporibus
1359 1082 1581 1125 Valeriani
1616 1083 1687 1125 ‘de
1725 1084 1901 1127 Traiani
1941 1096 2100 1138 genere

375 1162 420 1189 se
467 1148 696 1191 referebat³
745 1148 901 1205 Ulpius
947 1148 1142 1191 Crinitus
1184 1150 1255 1192 vit.
1302 1150 1449 1193 Anrel.
1496 1151 1581 1206 10).
1661 1151 1813 1195 Italica
1861 1151 2100 1209 Hispaniae

377 1217 584 1259 oriundus
605 1217 795 1272 Appian.
830 1217 950 1276 Ἰβηρ.
969 1221 1036 1269 38,
1079 1218 1183 1261 Via.
1207 1218 1324 1262 Caes,
1349 1223 1414 1270 13,
1446 1226 1574 1262 natus
1605 1220 1782 1263 Italicae
1812 1222 1857 1263 in
1886 1220 2101 1278 Hispania

375 1285 555 1340 Entrop.
575 1288 616 1337 8,
638 1290 669 1330 2
700 1287 939 1342 (Hispanus
969 1286 1059 1329 Dio
1087 1290 1152 1338 68,
1183 1291 1222 1339 4,
1255 1288 1415 1332 Zonar.
1447 1292 1513 1340 11,
1544 1292 1614 1340 21,
1657 1289 1846 1332 Pacatus
1868 1281 2021 1343 paneg).
2053 1289 2100 1332 in

380 1354 534 1397 Theod.
565 1359 603 1406 4,
643 1355 877 1399 Claudiam.
910 1356 1005 1399 lans
1036 1356 1221 1400 Serenae
1249 1360 1327 1409 56;
1375 1357 1644 1401 Theodosius
1682 1359 1914 1414 imperator
1952 1356 2007 1399 ab
2049 1371 2098 1400 eo

377 1423 585 1478 originem
616 1424 814 1467 trahebat
846 1425 1022 1482 [quippe
1054 1431 1096 1467 et
1125 1427 1218 1482 ipse
1250 1426 1486 1483 Hispanus]
1521 1427 1663 1470 Victor
1694 1428 1791 1481 epit.
1822 1429 1877 1469 48
1907 1427 1961 1480 ef.
1991 1425 2099 1469 The-

372 1491 538 1534 mistius
568 1507 628 1535 or.
661 1493 787 1536 XVI
809 1509 857 1548 p.
878 1497 974 1545 250,
1017 1493 1143 1536 XIX
1170 1509 1219 1549 p.
1241 1498 1328 1537 279
1358 1494 1562 1549 Dindorf,
1602 1494 1835 1538 Claudian.
1867 1494 1917 1537 de
1945 1494 2097 1548 quarto

374 1560 527 1604 consul.
554 1561 741 1604 Honorii
768 1576 804 1605 v.
826 1565 893 1613 19,
926 1562 976 1604 de
1003 1565 1119 1605 sexto
1150 1563 1306 1606 eonsnl.
1337 1577 1374 1606 v.
1393 1564 1504 1618 334).
1535 1588 1593 1594 —
1622 1564 1693 1606 Ex
1722 1564 1830 1606 urbe
1859 1562 2100 1606 Tudertina

375 1627 515 1671 Victor
534 1630 630 1683 epit.
653 1633 718 1681 13,
749 1631 887 1676 neseio
916 1645 998 1685 qno
1028 1645 1181 1674 errore.
1201 1657 1253 1661 —
1271 1631 1416 1674 Filius
1439 1633 1505 1675 M.
1531 1632 1655 1686 Ulpia·
1678 1633 1862 1675 Traiani
1879 1632 1952 1686 qni
1971 1645 2100 1688 prae-

374 1697 494 1740 eedit.
523 1723 569 1728 —
594 1698 889 1742 Consobrinus
909 1699 1022 1742 Aelii
1046 1700 1273 1754 Hadriani,
1296 1702 1431 1757 patris
1455 1701 1726 1758 imperatoris
1746 1702 1819 1744 vit.
1841 1700 1980 1743 Hadr.
1990 1701 2036 1751 1,
2052 1702 2096 1744 2.

373 1765 509 1808 Natus
531 1766 570 1808 d.
593 1767 702 1809 XIV
721 1768 764 1809 k.
788 1767 883 1812 Oet.
906 1768 978 1822 (18
1010 1768 1146 1825 Sept.)
1173 1768 1420 1811 Philoealns
1443 1768 1582 1825 (CIL.
1604 1770 1638 1812 I
1656 1769 1717 1812 ed.
1742 1773 1774 1813 2
1789 1784 1838 1824 -p,
1860 1771 1956 1813 255.
1977 1767 2096 1823 272),

374 1833 523 1876 eodem
545 1835 614 1877 die
636 1851 721 1892 quo
745 1837 1018 1880 Domitianus
1041 1839 1207 1880 occisus
1229 1844 1304 1892 est,
1328 1839 1355 1881 i.
1384 1853 1420 1881 e.
1443 1838 1483 1883 d.
1512 1839 1560 1881 18
1583 1838 1701 1895 Sept.
1723 1838 1840 1881 Plin.
1857 1851 2010 1892 paneg.
2024 1839 2095 1888 92,

374 1902 425 1955 ef.
444 1902 559 1946 Plin.
574 1919 636 1958 ep.
654 1905 712 1947 ad
736 1906 855 1948 Trai.
871 1909 936 1956 17,
953 1909 995 1956 2,
1029 1921 1142 1948 anno
1164 1907 1232 1961 53,
1266 1907 1299 1948 si
1323 1906 1499 1963 quidem
1520 1906 1627 1950 obiit
1646 1923 1684 1950 a.
1710 1908 1789 1950 117
1811 1907 1964 1950 aetatis
1985 1920 2097 1949 anno

374 1973 640 2026 sexagesimo
664 1975 787 2016 tertio
809 1989 956 2016 mense
977 1989 1089 2016 nono
1112 1974 1190 2016 die'
1203 1981 1356 2031 quarto
1367 1976 1549 2030 Μίνῳ.
1566 1978 1606 2027 8,
1623 1978 1650 2019 5
1671 1976 1801 2029 (vixit
1820 1990 1955 2017 annos
1976 1989 2096 2017 sexa-

373 2040 494 2093 ginta
524 2047 727 2096 quattuor
760 2042 902 2085 Victor
931 2043 1027 2097 epit.
1059 2043 1141 2098 13),
1173 2043 1245 2085 vel
1276 2058 1387 2085 anno
1421 2045 1488 2098 56,
1523 2045 1558 2085 si
1589 2058 1692 2086 vere
1722 2058 1884 2086 annum
1913 2042 2095 2099 quadra-

374 2109 583 2162 gesimum
615 2109 797 2153 alterum
828 2112 995 2166 agebat,
1029 2127 1128 2154 oum
1158 2113 1392 2168 imperator
1422 2112 1560 2155 factus
1587 2119 1651 2155 est
1670 2111 1758 2155 Dio
1779 2115 1846 2163 68,
1866 2115 1903 2162 6,
1936 2111 2095 2154 Zonar.

370 2178 434 2225 11,
465 2180 535 2219 21.
599 2178 769 2220 Patrem
802 2177 1006 2233 (leyatnm
1038 2180 1205 2234 Syriae,
1237 2181 1353 2222 eirea
1380 2194 1417 2222 a.
1443 2183 1548 2231 76s7‚
1573 2181 1627 2234 ef.
1648 2181 1724 2223 snb
1749 2178 1893 2235 patre)
1923 2180 1968 2221 in
1998 2193 2094 2235 pro-

373 2244 557 2286 vinciam
589 2247 815 2288 comitatur
846 2247 962 2292 Plin.
986 2262 1138 2303 paneg).
1169 2251 1245 2299 14‚·
1285 2249 1486 2291 tribunus
1525 2247 1711 2291 militum
1742 2248 2097 2290 disiunctissimas

373 2318 508 2354 terras
530 2313 637 2356 adiit
655 2315 713 2357 ib.
729 2318 793 2369 15,
820 2323 913 2372 ‘per
935 2316 1149 2373 stipendia
1169 2316 1315 2358 decem
1338 2331 1478 2359 mores
1499 2318 1704 2372 gentium,
1727 2317 1954 2373 regionum
1975 2316 2096 2370 situs,

374 2383 714 2435 opportunitates
754 2383 944 2426 locorum
982 2385 1199 2440 cognovit’
1234 2385 1291 2427 ib.
1358 2385 1538 2427 Praetor
1577 2392 1692 2427 certe
1732 2391 1832 2427 ante
1869 2400 1906 2429 a.
1939 2385 1992 2427 87
2023 2385 2094 2427 vit.

373 2447 512 2491 Hadr.
533 2453 568 2499 1,
591 2454 630 2492 4.
676 2451 864 2505 Legatus
894 2459 943 2494 ut
970 2452 1148 2495 videtur
1176 2452 1370 2507 legionis,
1403 2454 1525 2495 iussu
1546 2454 1785 2496 Domitiani
1806 2469 1862 2495 ex
1881 2453 2098 2509 Hispania

373 2515 564 2570 legiones
604 2520 677 2572 (ef.
718 2519 973 2563 Boissevain
1013 2521 1062 2563 de
1101 2536 1147 2563 re
1186 2521 1274 2563 mil.
1315 2522 1441 2576 Hisp.
1475 2536 1522 2576 p.
1555 2521 1624 2576 68)
1666 2536 1835 2564 summa
1877 2520 2096 2563 eeleritate

374 2589 491 2625 trans
542 2586 813 2641 Pyrenaeum
858 2588 1079 2645 Alpesque
1130 2589 1256 2631 duxit
1305 2589 1361 2631 ad
1409 2589 1571 2632 bellum
1620 2590 1930 2633 Germanicum
1976 2589 2092 2633 Ptin.

370 2666 524 2707 panea.
556 2657 608 2696 14
639 2656 815 2709 (bellum
843 2657 891 2700 id
918 2658 1158 2712 siqnifiearz'
1187 2658 1298 2712 quod
1330 2659 1381 2700 L.
1412 2658 1628 2701 Antonias
1658 2658 1921 2701 Saturninus
1947 2660 2096 2700 eontra

373 2718 669 2764 Domrtzanam
707 2723 834 2767 movit
874 2727 1050 2768 eonzeeit
1079 2726 1318 2768 Mommsen
1347 2726 1494 2768 Herm.
1516 2729 1544 2768 3
1564 2741 1613 2781 p.
1637 2728 1748 2783 118).
1810 2725 1972 2769 Consul
2002 2725 2094 2769 ord.

374 2802 409 2828 a
443 2789 491 2830 91
527 2804 624 2832 oum
655 2791 733 2834 M.
766 2792 906 2835 Acilio
939 2794 1178 2837 Glabrione
1207 2795 1336 2848 fasti,·
1367 2795 1420 2848 ef.
1451 2794 1542 2837 Dio
1572 2798 1636 2845 67,
1669 2798 1738 2838 12.
1793 2784 1984 2848 Legatus
2015 2808 2093 2850 pro

374 2870 436 2911 pr.
470 2857 728 2901 Germaniae
761 2861 1029 2917 (superioris)
1060 2861 1175 2907 Plin.
1200 2877 1356 2917 paney.
1389 2866 1427 2913 9,
1461 2862 1549 2905 Dio
1579 2866 1644 2913 68,
1675 2866 1703 2905 3
1733 2862 1963 2917 (superiori
1990 2876 2094 2916 pro-

372 2924 535 2967 vzneiae
575 2941 665 2969 eum
697 2930 940 2983 praefuzsse
978 2934 1076 2973 tane
1117 2934 1224 2973 eerte
1262 2945 1354 2973 eum
1394 2930 1679 2985 adoptaretur,
1714 2930 1857 2985 eolliyz'
1874 2933 2015 2984 potest
2044 2944 2094 2972 ex

371 2992 442 3033 vet.
474 2993 613 3038 Hadr.
644 2999 686 3046 2,
715 2999 752 3046 5,
795 2998 848 3050 ef.
881 2998 1053 3040 Henzen
1094 3013 1192 3042 ann.
1233 3000 1328 3043 znst.
1359 3002 1472 3042 1862
1503 3014 1550 3053 p.
1578 2998 1686 3047 146).
1747 2998 1790 3040 A
1821 2998 1968 3041 Nerva
2007 3001 2093 3050 (ex—

378 3064 496 3103 eunte
528 3077 638 3105 anno
664 3068 718 3106 96
746 3066 808 3107 vel
837 3081 875 3110 a.
898 3069 979 3117 97),
1011 3081 1095 3110 non
1115 3067 1360 3110 Domitiani
1378 3068 1539 3110 ultimis
1560 3068 1825 3122 temporibus,
1859 3067 2096 3110 Traianum

372 3129 417 3169 in
454 3128 730 3173 Germaniam
769 3134 941 3175 missum
986 3148 1071 3177 esse
1117 3139 1226 3178 reete
1271 3135 1523 3190 eolleyernnt
1561 3150 1612 3178 ex
1650 3135 1764 3177 Ptin.
1797 3149 1953 3190 paney.
1982 3137 2022 3179 5.
2053 3138 2092 3178 9.

374 3199 439 3237 44.
463 3200 515 3238 94
541 3198 793 3252 (Mommsen
814 3201 959 3245 Herm.
980 3205 1008 3243 3
1029 3218 1076 3256 p.
1099 3207 1151 3244 40
1180 3207 1264 3248 not.
1286 3208 1341 3255 2,·
1369 3203 1584 3246 Dierauer
1610 3218 1677 3258 ap.
1700 3203 1921 3258 Bitdinyer
1947 3203 2093 3246 Unter-

377 3263 614 3319 suehanyen
633 3281 710 3308 eur
729 3274 834 3311 ro'm.
859 3269 1153 3325 Kaiseryeseh.
1176 3273 1209 3313 I
1221 3286 1270 3325 p.
1291 3275 1349 3313 17
1364 3271 1481 3326 not).
1528 3272 1697 3315 Absens
1716 3272 1830 3314 filius
1850 3270 2092 3313 declaratus

375 3346 400 3371 a
428 3331 573 3373 Nerva
604 3334 718 3386 (oum
741 3351 824 3392 quo
851 3336 970 3379 nulla
1000 3339 1038 3379 ei
1070 3339 1341 3381 necessitudo
1373 3340 1514 3382 fuerat
1535 3339 1651 3383 Plin.
1664 3355 1821 3395 paney.
1843 3343 1872 3382 7
1880 3354 1890 3394 ;
1921 3339 2092 3382 Nervae
