2242 3672
155 277 401 317 PLOTINVS
1040 278 1095 321 53
1768 290 1977 329 PLOTIVS

159 343 1976 362 Ἣ

242 425 373 468 quem
403 410 607 454 undecim
637 428 773 456 annos
795 415 851 469 (a.
874 416 1119 472 231—242)
1140 416 1436 470 Alexandriae
1460 425 1653 463 moratus
1684 428 1749 463 est
1769 421 1978 478 Porphyr.

242 478 269 523 l.
302 494 336 523 c.
366 482 406 523 3.
471 480 651 524 Annum
696 483 1196 540 undequadragesimum
1241 501 1374 543 agens
1421 503 1521 531 cum
1566 489 1789 534 Gordiano
1833 491 1980 534 Persis

242 547 408 592 bellum
439 549 652 593 inferente
673 551 730 606 (a.
752 553 854 607 242)
876 554 921 595 in
941 553 1300 612 Mesopotamiam
1321 556 1541 614 profectus
1570 564 1646 614 est,
1680 565 1729 602 ut
1749 559 1981 603 Persarum

242 617 538 676 Indorumque
557 619 876 678 philosophiam
898 630 1190 679 cognosceret,
1215 625 1291 668 sed
1312 625 1536 670 Gordiano
1558 627 1783 671 interfecto
1807 628 1863 684 (a.
1878 629 1981 683 244)

243 688 322 730 vix
341 688 621 736 Antiochiam
650 689 822 744 fugiens
854 698 1051 735 servatus
1083 700 1125 735 et
1155 694 1447 751 quadraginta
1475 711 1610 740 annos
1642 703 1770 740 natus
1800 698 1983 741 Romam

243 757 464 813 profectus
500 764 564 800 est
591 757 802 814 Porphyr.
836 759 861 801 l.
894 774 928 802 c.
957 764 996 803 3.
1056 763 1220 805 Romae
1251 763 1434 808 docebat
1463 773 1505 808 et
1536 781 1634 809 cum
1664 767 1816 810 decem
1846 782 1983 810 annos

246 826 302 880 (a.
321 827 567 883 244—254)
589 827 696 870 nihil
719 829 963 886 scripsisset
983 829 1211 887 (Porphyr.
1234 833 1260 874 l.
1285 847 1317 875 c.
1339 837 1367 875 3
1386 835 1499 890 seq),
1523 836 1628 878 LIV
1647 835 1781 878 libros
1811 837 1985 893 scripsit

246 896 290 937 in
321 910 399 938 sex
427 895 658 939 Enneades
688 897 852 941 divisos
894 897 1071 953 (suidas
1103 916 1144 944 v,
1178 901 1408 958 Πλωτῒνος),
1453 918 1565 960 quae
1597 911 1782 948 exstant.
1841 905 1983 947 Disci-

244 964 336 1022 puli
377 964 537 1008 Plotini
579 973 703 1010 erant
738 966 1034 1023 PorphyriuS‚
1074 968 1293 1025 Amelius,
1333 971 1617 1029 Eustochius,
1659 973 1731 1016 alii
1771 973 1983 1029 Porphyr.

246 1033 273 1076 l.
305 1048 338 1077 c.
373 1037 402 1076 7
427 1035 483 1088 cf.
515 1035 638 1078 Suid.
670 1048 702 1078 s.
732 1049 770 1078 v.
802 1036 1003 1084 Πλωτῖνος
1034 1040 1073 1079 et
1105 1037 1343 1098 Ἰάμβλιχος.
1406 1041 1633 1085 Gallienus
1665 1043 1843 1099 eiusque
1873 1057 1985 1085 uxor

247 1102 454 1146 Salonina
483 1103 704 1147 Plotinum
735 1105 971 1148 audiebant
1001 1113 1044 1148 et
1074 1106 1347 1151 honorabant
1377 1109 1586 1165 Porphyr.
1619 1111 1645 1153 l.
1669 1125 1702 1154 c.
1725 1115 1795 1155 12.
1842 1111 1984 1154 Plato-

245 1171 435 1229 nopolim
457 1173 676 1230 quandam
707 1175 751 1216 in
773 1173 1014 1231 Campania
1044 1176 1231 1219 condere
1252 1193 1277 1220 a
1299 1178 1486 1222 Gallieni
1512 1181 1719 1222 ministris
1741 1180 1986 1237 prohibitus

245 1248 311 1284 est
331 1241 541 1297 Porphyr.
564 1242 591 1285 l.
612 1257 647 1285 c.
669 1247 740 1287 12.
781 1244 981 1287 Mortuus
1012 1252 1077 1287 est
1106 1246 1152 1287 in
1175 1245 1413 1303 Campania
1443 1263 1556 1290 anno
1588 1249 1776 1291 secundo
1799 1249 1984 1302 Claudii,

245 1310 272 1355 i.
296 1325 331 1353 e.
353 1327 392 1354 a.
409 1312 608 1367 269l270,
641 1328 719 1355 sex
741 1320 784 1356 et
805 1315 1035 1369 sexaginta
1055 1330 1190 1357 annos
1210 1322 1338 1358 natus
1361 1316 1572 1371 Porphyr.
1596 1317 1622 1359 l.
1646 1332 1679 1360 c.
1701 1322 1744 1362 2.
1795 1317 1863 1360 De
1883 1319 1985 1368 vita,

242 1381 426 1435 scriptis,
449 1381 726 1436 philosophia
756 1382 928 1425 Plotini
957 1384 1010 1438 cf.
1045 1383 1281 1436 Steinhart,
1315 1385 1476 1440 Paalys
1497 1385 1942 1441 Rcalencycloplaeclie
1960 1390 1986 1430 5

246 1463 294 1504 p.
316 1451 620 1503 1753-1772,·
651 1451 805 1503 Zeller,
838 1451 1116 1507 Philosophie
1138 1453 1212 1496 der
1240 1453 1450 1497 Griechen
1470 1455 1564 1506 III,
1595 1455 1650 1498 23
1675 1471 1722 1510 p.
1743 1458 1824 1498 466
1843 1469 1928 1510 399.

175 1542 228 1548 -
276 1525 317 1564 O.
350 1525 592 1563 SABVCIVS
623 1527 789 1563 MAIOR
819 1527 1064 1564 PLOTINVS
1097 1529 1406 1568 FAVSTINVS„

158 1645 244 1689 380
274 1652 319 1689 L.
351 1652 559 1696 PLOTIVS
590 1646 861 1705 p[roconsul]
892 1648 1068 1705 (Cypri)
1111 1648 1191 1691 sub
1223 1649 1322 1691 Tito
1357 1665 1396 1692 a.
1429 1650 1557 1693 79s80
1596 1651 1658 1694 tit.
1688 1650 1869 1705 Cyprius
1899 1651 1987 1693 III

247 1715 294 1760 S.
327 1718 453 1760 6732.

160 1784 239 1828 381
275 1783 442 1828 Plotius
471 1785 711 1843 Crispinus,
746 1786 1044 1844 philosophiae
1075 1787 1294 1830 studiosus
1327 1794 1370 1830 et
1403 1794 1532 1844 poeta
1562 1787 1771 1843 Porphyr.
1805 1791 1844 1831 et
1873 1788 1990 1830 Acro

247 1853 306 1897 ad
330 1854 440 1898 Hor.
471 1858 552 1898 sat.
581 1859 620 1907 1,
642 1859 680 1907 1,
703 1859 801 1900 120.
865 1856 1058 1914 Crispini
1089 1857 1144 1911 (v.
1179 1857 1205 1899 l.
1236 1856 1477 1914 Chrisippi)
1508 1858 1647 1900 nescio
1679 1857 1798 1900 cuias
1830 1857 1990 1912 ¹balnea

142 1971 145 1973 ,
246 1922 423 1967 Persius
441 1927 480 1976 5,
502 1928 600 1968 126.
1278 1948 1282 1954 ·

161 1992 246 2036 382
277 1992 446 2036 Plotius
477 1994 665 2051 Firmus,
697 1995 945 2052 praefectus
975 1995 1161 2051 vigilum
1192 2010 1330 2052 usque
1361 1995 1417 2038 ad
1448 2011 1486 2039 a.
1519 1995 1586 2051 69,
1620 2002 1713 2038 tum
1742 1995 1989 2053 praefectus

123 2068 127 2071 “
246 2063 462 2119 praetorio
503 2063 583 2106 sub
623 2063 796 2107 Othone
842 2065 941 2108 Tac.
974 2065 1014 2107 h.
1046 2069 1085 2115 1,
1116 2068 1170 2107 46
1201 2065 1256 2119 cf.
1291 2069 1328 2116 1,
1359 2067 1443 2117 82,·
1471 2068 1515 2116 2,
1546 2067 1612 2107 46.
1644 2068 1698 2107 49
1709 2078 1723 2116 ;
1762 2064 1990 2108 Plutarch.

246 2131 354 2175 Otho
375 2135 430 2175 18
459 2130 551 2185 (abi
571 2147 657 2188 pro
688 2134 916 2182 Πολλίωνος
945 2133 1214 2177 scribendam
1243 2134 1410 2176 videtur
1440 2133 1622 2177 Πλωτίου
1654 2134 1709 2188 cf.
1742 2133 1994 2188 Hirschfeld

247 2199 332 2244 VG
350 2216 401 2256 p.
421 2205 511 2246 221
531 2215 613 2258 seq.
643 2217 686 2246 n.
708 2206 793 2260 17).
861 2203 994 2246 Pater
1024 2204 1209 2257 fortasse
1237 2202 1283 2246 C'.
1314 2203 1432 2246 Tulli
1458 2202 1682 2258 Capitonis
1706 2202 1994 2257 Pomponiani

247 2269 388 2313 Plotii
414 2270 573 2315 Firmi.

173 2363 233 2370 —
277 2345 319 2383 C.
350 2346 563 2383 TVLLIVS
597 2347 775 2383 CAPITO
808 2347 1165 2383 POMPONIANVS
1198 2347 1406 2383 PLOTIVS
1438 2347 1641 2383 FIRMVS.

159 2407 245 2452 383
275 2415 484 2452 PLOTIVS
529 2416 723 2452 GALLVS
764 2416 1042 2452 CELSIANVS
1086 2409 1245 2452 sodalis
1276 2409 1532 2466 Augustalis
1574 2416 1799 2467 cooptatus
1840 2423 1877 2451 a.
1909 2410 1990 2452 153

247 2476 316 2521 VI
337 2481 460 2523 1984.
520 2478 592 2522 Ad
622 2478 815 2533 Plotium
845 2478 1096 2522 Celsianum
1127 2479 1315 2522 eundem
1345 2486 1394 2522 ut
1424 2479 1601 2522 videtur
1629 2479 1853 2535 rescripsit
1883 2478 1991 2521 Pius

245 2545 410 2602 Diyest.
432 2550 471 2599 5,
494 2551 532 2599 1,
555 2551 598 2599 2,
621 2551 660 2591 3.

159 2614 246 2660 384
274 2622 484 2659 PLOTIVS
528 2623 719 2660 GRYPVS
760 2618 937 2660 maioris
977 2617 1141 2674 gradus
1182 2618 1374 2672 iuvenis,
1417 2617 1473 2660 ad
1502 2632 1632 2674 quem
1662 2617 1836 2674 scripsit
1866 2631 1902 2661 a.
1935 2617 1990 2659 95

246 2684 409 2728 Statius
449 2686 542 2729 silv.
574 2690 614 2738 4,
643 2690 669 2730 9
711 2687 766 2741 cf.
799 2701 978 2742 prooem.
1009 2690 1172 2731 27-30.
1238 2686 1446 2730 Fortasse
1485 2686 1602 2742 filias
1643 2685 1826 2729 consulis
1865 2699 1905 2728 a.
1933 2687 1993 2727 88

247 2751 306 2805 (n.
326 2754 438 2810 385).
480 2755 784 2813 Praepositum
806 2758 1030 2813 copiarum
1052 2756 1243 2811 Augusti
1270 2770 1363 2799 eam
1391 2756 1525 2810 faisse
1556 2755 1722 2811 colleqit
1742 2754 1994 2808 Hirschfeld

247 2820 358 2875 (VG
388 2824 423 2866 I
444 2827 525 2866 101
544 2838 626 2879 seq.
657 2828 743 2868 not.
766 2827 812 2883 2)
845 2840 866 2868 e
897 2826 1034 2869 Statii
1064 2825 1171 2882 (silv.
1192 2829 1231 2877 4,
1256 2829 1293 2880 9,
1317 2827 1478 2882 17-19)
1508 2825 1648 2868 verbis
1677 2824 1765 2866 his:
1795 2823 1859 2865 Te
1886 2823 1992 2867 Ger-

246 2893 442 2935 manicus
483 2892 704 2936 arbitrum·
739 2896 936 2951 sequenti
973 2909 1171 2937 annonae
1190 2894 1323 2937 dedit
1354 2895 1637 2950 omniumque
1667 2892 1754 2935 late
1784 2891 1992 2949 praefecit

246 2961 505 3005 stationibus
536 2964 720 3018 viarum,
754 2964 1006 3006 assentiente
1035 2978 1146 3006 nanc
1177 2963 1442 3006 Mommseno
1474 2962 1570 3006 StR
1591 2962 1653 3005 II
1665 2962 1724 3005 23
1746 2964 1866 3011 1031,
1889 2964 1932 3003 2.

159 3041 244 3085 385
274 3048 319 3085 L.
348 3048 556 3086 PLOTIVS
589 3049 780 3087 GRYPVS
812 3044 1094 3100 (praenomen
1123 3044 1170 3086 in
1201 3043 1424 3086 consulatu
1456 3042 1555 3084 hall.
1589 3055 1750 3084 coinnn.
1772 3043 1838 3091 15,
1867 3042 1989 3090 1887,

245 3113 329 3154 188
357 3125 400 3154 n.
426 3114 562 3164 192&
592 3111 760 3156 Plotius
782 3112 978 3170 Griphus
1006 3113 1122 3165 Tac.)
1155 3128 1181 3154 a
1207 3113 1474 3170 Vespasiano
1506 3111 1550 3151 in
1582 3111 1845 3152 senatorium
1877 3107 1989 3150 ordi-

245 3194 347 3223 nem
377 3179 569 3223 adscitus
599 3196 650 3224 ac
679 3180 842 3237 legioni
872 3183 1145 3239 praepositus
1176 3197 1214 3224 a.
1237 3182 1292 3224 69
1319 3181 1417 3223 Tac.
1441 3179 1480 3221 h.
1507 3182 1546 3229 3,
1569 3181 1629 3221 52
1638 3191 1651 3229 ;
1680 3183 1855 3234 praetor
1880 3192 1917 3218 a.
1935 3176 1989 3217 70

252 3249 352 3293 Tae.
373 3249 414 3292 h.
436 3253 475 3302 4,
496 3253 551 3294 39
570 3263 653 3306 seq.
705 3250 870 3295 Consul
900 3251 1106 3293 suffectus
1133 3264 1282 3293 mense
1302 3248 1444 3306 Aprili
1466 3255 1509 3290 et
1530 3245 1711 3290 Octobri
1743 3260 1779 3286 a.
1803 3245 1857 3286 88
1889 3257 1988 3285 cum

245 3318 297 3362 L.
327 3318 526 3374 Minic(io
556 3319 689 3376 Rufo)
721 3323 820 3363 acta
846 3319 952 3362 Arv.
986 3319 1055 3363 VI
1076 3319 1225 3363 2065b
1256 3321 1308 3362 65
1317 3332 1331 3370 ;
1362 3317 1463 3361 ball.
1497 3329 1657 3359 coman.
1691 3313 1718 3356 l.
1751 3328 1784 3354 c.
1854 3310 1989 3354 Pater

245 3387 429 3444 fortasse
449 3388 745 3443 praecedentis
775 3387 832 3443 (n.
854 3391 967 3445 384).
