2242 3672
184 261 507 300 THVCYDIDES
1058 252 1142 297 315
1697 255 1941 292 TIBERLAN
1945 255 2002 293 VS

266 393 510 436 vindicavit
531 393 692 438 Iulian.
717 393 743 438 l.
766 408 800 436 c.
850 394 912 437 Ut
942 393 1128 449 scriptor
1157 391 1212 434 de
1242 390 1547 433 mathematica
1577 396 1621 432 et
1649 390 1816 432 musica
1845 404 2004 432 memo-

266 468 388 505 ratur
417 461 629 517 Porphyr.
658 461 730 504 vit.
757 461 919 504 Plotia.
946 475 980 504 c.
1002 465 1072 515 20,
1106 464 1145 503 et
1175 460 1294 503 alibi.
1337 459 1406 502 De
1436 458 1538 501 aliis
1565 458 1738 513 seriptis
1769 458 2002 514 Thrasylli,

265 531 341 574 sed
367 531 508 574 nescio
536 545 638 574 num
668 530 806 582 huius,
839 531 894 585 cf.
929 529 1093 573 Mulier
1122 531 1180 585 fr.
1211 529 1309 572 hist.
1338 528 1492 572 Graec.
1514 528 1604 571 III
1620 543 1668 583 p.
1688 531 1770 571 501
1790 542 1873 583 seq.

192 625 251 631 —-
293 599 433 643 Iulius
463 599 695 656 Threptus.

185 670 263 712 138
295 668 589 726 Thucydides,
621 685 648 712 a
676 669 834 711 Martio
856 669 973 711 Vero
1005 669 1144 710 iussus
1166 666 1428 711 Sohaemum
1449 666 1665 709 deducere
1687 668 1731 709 in
1750 666 2002 710 Armeniam

267 738 430 782 Suidas
467 751 501 782 3.
531 752 569 781 v.
599 737 778 795 Μάρτιος
807 753 858 781 ex
887 737 1043 780 Dione.
1109 736 1275 779 Nomen-
1313 737 1491 788 mirum,·
1531 737 1815 791 expectaveris
1852 751 2003 779 nomeu

263 821 357 850 vere
386 807 644 850 Romanum.

181 878 263 919 139
294 875 574 919 Thumelicus
612 876 692 931 (sie
733 876 917 927 Strab0;
958 889 1109 918 nomen
1150 889 1235 917 uon
1265 875 1413 929 posuit
1459 875 1582 926 Tae.,·
1621 875 1705 929 eya
1744 873 1793 917 de
1836 874 2004 916 nomine

269 944 403 987 Much
437 943 643 986 Zeitschr.
683 945 715 998 f.
748 943 961 986 deutsches
991 942 1235 998 Alterthum
1263 946 1329 993 35,
1362 945 1470 984 1891
1503 956 1551 996 p.
1576 941 1691 993 368),
1732 941 1919 984 Arminii
1962 949 2004 983 et

265 1012 543 1057 Thusneldae
573 1012 700 1068 filius,
732 1013 778 1054 in
808 1013 1063 1068 captivitate
1094 1018 1222 1054 natus
1253 1027 1292 1054 a.
1322 1013 1373 1054 15
1410 1011 1508 1053 Tac.
1541 1026 1580 1053 a.
1611 1015 1649 1062 1,
1671 1014 1739 1054 58.
1799 1011 2003 1053 Triennis

268 1083 331 1137 (re
348 1095 451 1124 vera
482 1083 652 1124 tertium
681 1096 840 1124 aunum
860 1081 982 1124 modo
1002 1082 1232 1137 iuyressus)
1263 1081 1419 1123 ductus
1442 1082 1487 1122 in
1509 1080 1728 1137 triumpho
1753 1080 2002 1125 Germanici

267 1151 324 1205 (a.
359 1151 430 1205 17)
463 1151 624 1194 Strabo
655 1154 695 1201 7,
727 1153 765 1201 1,
790 1154 818 1193 4
838 1165 886 1206 p.
907 1153 1012 1194 292.
1071 1150 1297 1193 Educatus
1327 1150 1563 1191 Ravennae
1599 1149 1696 1193 Tae.
1730 1149 1757 1191 l.
1790 1163 1823 1191 e.
1887 1147 2001 1201 ‘Quo

265 1235 366 1262 mox
396 1219 586 1262 ludibrio
617 1219 890 1262 conflictatus
919 1221 1004 1274 sit‘,
1036 1225 1376 1261 memoraturum
1407 1233 1453 1260 se
1484 1219 1699 1274 promittit
1718 1218 1896 1260 Tacitus
1918 1218 1945 1262 l.
1968 1232 2002 1260 0.

264 1288 524 1345 (Defunctus
552 1289 664 1331 inter
694 1303 733 1331 a.
756 1292 815 1332 29
846 1292 886 1331 et
911 1292 978 1339 31,
1011 1291 1087 1330 aut
1114 1289 1225 1330 inter
1255 1302 1296 1329 a.
1317 1291 1374 1329 37
1402 1291 1441 1330 et
1469 1291 1536 1338 47,
1568 1301 1745 1341 quorum
1770 1290 2000 1342 temporum

263 1373 350 1401 nou
379 1358 581 1400 habemus
608 1358 903 1400 war-rationem
937 1357 1117 1412 Taciti),·
1146 1357 1379 1399 defunctus
1411 1363 1514 1410 erat,
1548 1371 1646 1398 cum
1677 1371 1791 1398 anno
1813 1356 1866 1398 47
1895 1370 2001 1410 gens

266 1426 589 1470 Cheruscorum
620 1442 766 1482 regem
797 1443 824 1469 a
854 1426 1038 1470 Claudio
1069 1433 1237 1483 peteret
1268 1426 1366 1469 Tae.
1395 1441 1435 1468 a.
1462 1429 1528 1477 11,
1555 1429 1621 1470 16.

192 1521 244 1525 —-
292 1496 497 1550 (VIBIVS)
529 1502 702 1538 VISOVS
734 1502 1001 1538 THVRINVS.

191 1584 250 1595 --*-
294 1571 338 1615 Q.
370 1571 616 1607 OCTAVIVS
648 1571 890 1607 VOLVSIVS
922 1564 1270 1619 THVSCENJIVS]
1304 1597 1314 1607 .
1335 1597 1345 1607 .
1369 1597 1379 1606 .

182 1634 264 1677 140
294 1633 520 1690 Thymele,
553 1635 684 1676 mima
715 1634 918 1676 Martial.
941 1637 979 1685 1,
1000 1637 1040 1684 4,
1061 1636 1101 1684 5,
1134 1633 1324 1676 Iuvenal-
1347 1636 1385 1683 1,
1407 1636 1474 1675 36.
1506 1636 1545 1683 6,
1567 1636 1632 1675 66.
1663 1635 1703 1683 8,
1726 1636 1819 1675 197.

182 1704 256 1746 141
293 1703 547 1747 Thusnelda
576 1704 829 1759 (Θουσνέλδα
860 1703 1033 1755 Strab.;
1066 1717 1218 1746 nomeu
1247 1717 1332 1746 uon
1354 1703 1482 1758 pouit
1516 1703 1641 1754 Tac.,·
1671 1703 1727 1756 ef.
1759 1702 1808 1744 de
1837 1702 2004 1744 nomine

266 1772 403 1815 Mucii
428 1772 632 1817 Zeitsehr.
662 1773 696 1827 f.
726 1772 939 1816 deutsekes
959 1772 1204 1815 Alterthum
1223 1774 1292 1823 35,
1325 1774 1436 1814 1891
1456 1786 1505 1826 p.
1527 1773 1640 1826 367),
1673 1770 1859 1813 Arminii
1892 1785 2004 1812 uxor

276 1840 437 1884 Strabo
467 1845 503 1893 7,
525 1845 565 1893 1,
587 1846 614 1884 4
634 1857 684 1897 p.
705 1846 809 1893 292,
844 1842 1099 1897 Segimundi
1131 1856 1253 1884 soror
1282 1842 1493 1896 (Segestis
1520 1840 1625 1895 filia)
1646 1841 1728 1892 ib.,·
1758 1855 1853 1882 eam
1875 1846 2004 1881 antea

266 1909 341 1953 alii
371 1917 544 1967 pactam
571 1910 796 1954 Arminius
827 1917 1032 1968 rapuerat
1057 1911 1155 1954 Tac.
1179 1926 1219 1953 a.
1241 1915 1278 1961 1,
1301 1913 1367 1953 55.
1427 1909 1481 1953 Α.
1506 1911 1558 1953 15
1590 1925 1616 1952 a
1646 1916 1769 1966 patre
1798 1909 2003 1951 Romanis

267 1978 428 2022 tradita
457 1980 515 2024 ib.
548 1994 582 2022 e.
613 1982 681 2023 57.
733 1979 932 2023 Gravida
961 1994 1011 2022 eo
1043 1986 1237 2036 tempore
1267 1980 1352 2031 ib.,·
1390 1993 1573 2034 magnus
1613 1980 1782 2020 animus
1825 1979 1916 2040 eius
1948 1979 2003 2021 ib.

265 2047 417 2091 Virilis
442 2064 574 2091 sexus
597 2050 777 2106 stirpem
804 2049 941 2092 edidit
961 2047 1287 2105 (Thumelicum)
1312 2049 1366 2092 ib.
1389 2063 1423 2091 c.
1440 2051 1507 2091 58.
1554 2048 1700 2090 Ducta
1722 2049 1764 2089 in
1787 2046 2003 2103 triumpho

263 2116 514 2160 Germanici
547 2118 707 2161 Strabo
735 2118 761 2162 l.
794 2132 827 2162 ο.

190 2209 248 2215 —
293 2185 603 2243 *Thyncanius
632 2187 705 2229 va.
735 2186 868 2229 Gord.
900 2190 966 2230 14.
996 2190 1036 2229 7.
1099 2186 1143 2231 V.
1175 2186 1471 2243 Tynchanius.

184 2256 285 2297 141⁸
316 2254 526 2311 Thyrsus,
561 2255 761 2299 Caesaris
793 2255 993 2310 libertus,
1027 2272 1066 2299 a.
1098 2257 1182 2300 724
1212 2271 1312 2299 cum
1344 2257 1519 2298 secretis
1550 2255 1766 2298 mandatis
1797 2255 1851 2297 ad
1882 2254 2004 2297 Cleo-

264 2331 433 2381 patram
464 2325 619 2367 missus
648 2324 739 2368 Dio
767 2328 835 2376 51,
866 2328 935 2368 89.

192 2417 246 2422 —-
292 2400 337 2436 L.
366 2400 557 2436 MARIVS
588 2400 874 2446 VEGETINVS
906 2401 1136 2436 LVCANVS
1167 2401 1464 2437 TIBERENVS.

190 2486 248 2491 —
294 2469 431 2505 ...IA
470 2469 644 2505 ASINIA
688 2463 940 2519 [OLA]VD1A
982 2470 1189 2506 TIBERIA
1231 2470 1437 2507 ...ATIA
1479 2469 1710 2505 STATILIA
1746 2469 1998 2504 PAVLLINA

263 2537 475 2574 IVLIANA
504 2538 751 2575 PHILIPPA.

182 2601 263 2643 142
294 2607 602 2643 TIBERIANVS
655 2616 830 2658 praeses
876 2601 1148 2644 Palaestinae
1198 2603 1364 2658 primae
1409 2603 1683 2659 (ἡγεμονεύων
1729 2605 1798 2643 τοῦ
1844 2603 2001 2656 πρώτου

265 2668 541 2713 Παλαιστίνων
583 2668 742 2724 ἔθνους)
783 2670 863 2712 sub
901 2671 1091 2712 Traiano
1132 2671 1197 2713 Io.
1234 2670 1525 2713 Autioeheuus
1563 2671 1621 2724 fr.
1653 2672 1732 2711 111
1774 2683 1842 2722 ap.
1875 2667 2001 2709 Mzill.

265 2739 323 2792 fr.
352 2738 394 2780 h.
423 2737 501 2781 Gr.
533 2739 566 2781 I
573 2738 614 2781 V
621 2753 670 2793 p.
691 2741 775 2781 580
805 2746 909 2794 (eme.
942 2739 991 2781 de
1020 2739 1134 2794 virt.)
1156 2759 1211 2775 =
1234 2739 1396 2783 Suidas
1425 2753 1459 2781 s.
1490 2753 1526 2781 υ.
1559 2739 1773 2795 Τραιανός;
1807 2736 2004 2778 Malalas

263 2806 292 2849 l.
320 2807 402 2850 XI
415 2821 464 2861 p.
486 2809 572 2850 273
601 2807 663 2849 ed.
684 2806 841 2858 Bomi„
873 2807 1110 2850 Traianum
1141 2807 1360 2851 consuluit
1388 2808 1443 2850 de
1474 2809 1623 2864 poenis
1654 2806 2002 2849 Christianorum

264 2875 330 2918 Io.
361 2874 481 2926 Ant„
514 2890 563 2918 eo
592 2882 787 2932 tempore
817 2891 904 2933 quo
935 2876 1153 2919 Traianus
1171 2877 1433 2920 Antiochiae
1464 2876 1626 2931 degens
1657 2875 1817 2918 bellum
1851 2881 2002 2916 contra

264 2943 450 2987 Parthos
480 2944 675 3002 parabat,
707 2946 734 2990 i.
767 2960 803 2988 e.
833 2961 871 2988 a.
897 2946 979 2988 114
1004 2945 1202 2988 Malalas
1233 2946 1259 2989 l.
1290 2959 1349 2998 e.,·
1379 2945 1564 3001 epistula
1596 2946 1687 2986 eius
1719 2943 1913 2997 (ficticia)
1945 2941 2000 2982 ad

263 3011 504 3055 Traianum
525 3013 579 3056 de
601 3013 862 3057 Christianis
883 3014 941 3057 ib.
976 3014 1191 3057 Incertum
1213 3028 1314 3056 uum
1333 3028 1428 3056 vere
1452 3013 1586 3067 fuerit
1604 3013 1767 3067 leyatus
1788 3010 2000 3061 Iudaeam

262 3079 519 3124 Palaestina
539 3083 690 3137 prima
721 3097 820 3125 aevo
850 3083 1014 3126 demum
1045 3083 1211 3126 labente
1241 3084 1482 3126 constituta.

181 3150 262 3192 143
292 3150 457 3193 Lucius
503 3149 764 3193 Tiberianus
806 3151 954 3206 (Lucii
990 3165 1140 3194 nomen
1185 3152 1368 3205 fortasse
1413 3147 1693 3203 corruptum):
1743 3148 1998 3202 rescriptum

265 3217 468 3261 divorum
493 3217 678 3262 fratrum
707 3220 763 3262 ad
794 3235 889 3263 eum
922 3219 1137 3275 Ulpianus
1169 3219 1279 3262 libro
1311 3221 1454 3261 octavo
1485 3217 1535 3259 de
1566 3216 1708 3271 officio
1731 3214 2000 3269 proconsulis

265 3284 387 3341 (Diq.
415 3289 485 3339 48,
515 3290 583 3340 18,
611 3291 651 3339 1,
683 3288 742 3339 3).

194 3377 252 3385 -
294 3360 340 3400 L.
353 3354 413 3410 (5³)
443 3361 664 3400 ARADIVS
695 3362 903 3401 Roscws
934 3362 1153 3400 RVFIst
1185 3361 1499 3400 SATVRNJNVS
1531 3358 1848 3395 TIBERIANVS.
