<?xml version="1.0" encoding="UTF-8"?>
<!DOCTYPE html PUBLIC "-//W3C//DTD XHTML 1.0 Transitional//EN"
    "http://www.w3.org/TR/xhtml1/DTD/xhtml1-transitional.dtd">
<html xmlns="http://www.w3.org/1999/xhtml" xml:lang="en" lang="en">
 <head>
  <title>
</title>
<meta http-equiv="Content-Type" content="text/html;charset=utf-8" />
  <meta name='ocr-system' content='tesseract 3.04.00' />
  <meta name='ocr-capabilities' content='ocr_page ocr_carea ocr_par ocr_line ocrx_word'/>
</head>
<body>
  <div class='ocr_page' id='page_1' title='image "./prosopographiaim03akaduoft_0348.png"; bbox 0 0 2242 3672; ppageno 0'>
   <div class='ocr_carea' id='block_1_1' title="bbox 303 250 2106 315">
    <p class='ocr_par' dir='ltr' id='par_1_1' title="bbox 303 250 2106 315">
     <span class='ocr_line' id='line_1_1' title="bbox 303 250 2106 315; baseline -0.002 -16"><span class='ocrx_word' id='word_1_1' title='bbox 303 263 515 299; x_wconf 82' lang='lat' dir='ltr'><strong>TREBIVS</strong></span> <span class='ocrx_word' id='word_1_2' title='bbox 1159 250 1242 294; x_wconf 84' lang='lat'><strong>336</strong></span> <span class='ocrx_word' id='word_1_3' title='bbox 1869 258 2106 315; x_wconf 73' lang='lat' dir='ltr'><strong>TRIARIVS</strong></span> 
     </span>
    </p>
   </div>
   <div class='ocr_carea' id='block_1_2' title="bbox 303 387 2110 997">
    <p class='ocr_par' dir='ltr' id='par_1_2' title="bbox 390 387 2109 581">
     <span class='ocr_line' id='line_1_2' title="bbox 390 387 2109 445; baseline -0.001 -10"><span class='ocrx_word' id='word_1_4' title='bbox 390 394 562 435; x_wconf 82' lang='lat' dir='ltr'><strong>coniecit</strong></span> <span class='ocrx_word' id='word_1_5' title='bbox 597 392 791 434; x_wconf 82' lang='lat' dir='ltr'><strong>Trebium</strong></span> <span class='ocrx_word' id='word_1_6' title='bbox 822 389 1007 443; x_wconf 73' lang='lat' dir='ltr'><strong>Niyrum</strong></span> <span class='ocrx_word' id='word_1_7' title='bbox 1037 388 1225 429; x_wconf 89' lang='lat' dir='ltr'><strong>comitem</strong></span> <span class='ocrx_word' id='word_1_8' title='bbox 1264 387 1397 440; x_wconf 84' lang='lat' dir='ltr'><strong>fuisse</strong></span> <span class='ocrx_word' id='word_1_9' title='bbox 1426 387 1477 429; x_wconf 90' lang='lat' dir='ltr'><strong>L.</strong></span> <span class='ocrx_word' id='word_1_10' title='bbox 1509 388 1675 430; x_wconf 85' lang='lat' dir='ltr'><strong>Licinii</strong></span> <span class='ocrx_word' id='word_1_11' title='bbox 1702 388 1884 431; x_wconf 85' lang='lat' dir='ltr'><strong>alieuius</strong></span> <span class='ocrx_word' id='word_1_12' title='bbox 1913 390 1986 445; x_wconf 71' lang='lat' dir='ltr'><strong>qui</strong></span> <span class='ocrx_word' id='word_1_13' title='bbox 2003 404 2109 445; x_wconf 77' lang='lat' dir='ltr'><strong>pro-</strong></span> 
     </span>
     <span class='ocr_line' id='line_1_3' title="bbox 390 455 2108 512; baseline -0.001 -10"><span class='ocrx_word' id='word_1_14' title='bbox 390 460 533 502; x_wconf 80' lang='lat' dir='ltr'><strong>consul</strong></span> <span class='ocrx_word' id='word_1_15' title='bbox 562 458 802 512; x_wconf 70' lang='lat' dir='ltr'><em>Hispaniae</em></span> <span class='ocrx_word' id='word_1_16' title='bbox 830 456 1047 498; x_wconf 74' lang='lat' dir='ltr'><em>ulterioris</em></span> <span class='ocrx_word' id='word_1_17' title='bbox 1075 455 1242 497; x_wconf 82' lang='lat' dir='ltr'><strong>videtur</strong></span> <span class='ocrx_word' id='word_1_18' title='bbox 1275 455 1407 508; x_wconf 81' lang='lat' dir='ltr'><strong>fuisse</strong></span> <span class='ocrx_word' id='word_1_19' title='bbox 1443 456 1519 498; x_wconf 85' lang='lat' dir='ltr'><strong>sub</strong></span> <span class='ocrx_word' id='word_1_20' title='bbox 1549 455 1743 510; x_wconf 76' lang='lat' dir='ltr'><strong>Auyusto</strong></span> <span class='ocrx_word' id='word_1_21' title='bbox 1773 457 1837 499; x_wconf 81' lang='lat' dir='ltr'><strong>vel</strong></span> <span class='ocrx_word' id='word_1_22' title='bbox 1857 458 2004 512; x_wconf 76' lang='lat' dir='ltr'><strong>potius</strong></span> <span class='ocrx_word' id='word_1_23' title='bbox 2031 458 2108 500; x_wconf 79' lang='lat' dir='ltr'><strong>sub</strong></span> 
     </span>
     <span class='ocr_line' id='line_1_4' title="bbox 394 522 1034 581; baseline -0.006 -12"><span class='ocrx_word' id='word_1_24' title='bbox 394 528 565 570; x_wconf 77' lang='lat' dir='ltr'><strong>Tiberio</strong></span> <span class='ocrx_word' id='word_1_25' title='bbox 596 527 666 581; x_wconf 83' lang='lat' dir='ltr'><strong>(cf.</strong></span> <span class='ocrx_word' id='word_1_26' title='bbox 696 539 829 578; x_wconf 71' lang='lat' dir='ltr'><strong>supra</strong></span> <span class='ocrx_word' id='word_1_27' title='bbox 860 525 898 565; x_wconf 91' lang='lat' dir='ltr'><em>L</em></span> <span class='ocrx_word' id='word_1_28' title='bbox 926 522 1034 577; x_wconf 87' lang='lat'><strong><em>115).</em></strong></span> 
     </span>
    </p>

    <p class='ocr_par' dir='ltr' id='par_1_3' title="bbox 303 602 2110 863">
     <span class='ocr_line' id='line_1_5' title="bbox 303 602 2106 663; baseline -0.001 -12"><span class='ocrx_word' id='word_1_29' title='bbox 303 610 386 651; x_wconf 88' lang='grc'><strong>244</strong></span> <span class='ocrx_word' id='word_1_30' title='bbox 417 615 456 649; x_wconf 89' lang='lat' dir='ltr'><strong>C.</strong></span> <span class='ocrx_word' id='word_1_31' title='bbox 499 611 710 648; x_wconf 86' lang='lat' dir='ltr'><strong>TREBIVS</strong></span> <span class='ocrx_word' id='word_1_32' title='bbox 753 610 1030 645; x_wconf 86' lang='lat' dir='ltr'><strong>SERGIANVS</strong></span> <span class='ocrx_word' id='word_1_33' title='bbox 1077 602 1227 645; x_wconf 89' lang='lat' dir='ltr'><strong>consul</strong></span> <span class='ocrx_word' id='word_1_34' title='bbox 1273 603 1518 646; x_wconf 84' lang='lat' dir='ltr'><strong>ordinarius</strong></span> <span class='ocrx_word' id='word_1_35' title='bbox 1562 620 1600 647; x_wconf 90' lang='lat' dir='ltr'><strong>a.</strong></span> <span class='ocrx_word' id='word_1_36' title='bbox 1635 606 1715 663; x_wconf 75' lang='lat'><strong>132</strong></span> <span class='ocrx_word' id='word_1_37' title='bbox 1753 620 1850 657; x_wconf 79' lang='lat' dir='ltr'><strong>cum</strong></span> <span class='ocrx_word' id='word_1_38' title='bbox 1891 605 1938 648; x_wconf 85' lang='lat' dir='ltr'><strong>C.</strong></span> <span class='ocrx_word' id='word_1_39' title='bbox 1983 605 2106 649; x_wconf 87' lang='lat' dir='ltr'><strong>Serio</strong></span> 
     </span>
     <span class='ocr_line' id='line_1_6' title="bbox 387 671 2108 730; baseline 0.001 -13"><span class='ocrx_word' id='word_1_40' title='bbox 387 675 611 729; x_wconf 89' lang='lat' dir='ltr'><strong>Augurino</strong></span> <span class='ocrx_word' id='word_1_41' title='bbox 633 674 740 726; x_wconf 82' lang='lat' dir='ltr'><strong>fasti</strong></span> <span class='ocrx_word' id='word_1_42' title='bbox 761 673 867 727; x_wconf 86' lang='lat' dir='ltr'><strong>(tria</strong></span> <span class='ocrx_word' id='word_1_43' title='bbox 885 672 1058 714; x_wconf 88' lang='lat' dir='ltr'><strong>nomina</strong></span> <span class='ocrx_word' id='word_1_44' title='bbox 1080 671 1148 714; x_wconf 88' lang='lat' dir='ltr'><strong>VI</strong></span> <span class='ocrx_word' id='word_1_45' title='bbox 1160 675 1315 714; x_wconf 87' lang='grc'><em>10299.</em></span> <span class='ocrx_word' id='word_1_46' title='bbox 1336 671 1386 714; x_wconf 92' lang='grc' dir='ltr'>Χ</span> <span class='ocrx_word' id='word_1_47' title='bbox 1397 674 1518 717; x_wconf 88' lang='grc'><strong><em>6485.</em></strong></span> <span class='ocrx_word' id='word_1_48' title='bbox 1541 672 1711 716; x_wconf 88' lang='lat' dir='ltr'><strong>Dessau</strong></span> <span class='ocrx_word' id='word_1_49' title='bbox 1725 675 1852 718; x_wconf 82' lang='lat' dir='ltr'><strong>inser.</strong></span> <span class='ocrx_word' id='word_1_50' title='bbox 1873 673 1944 717; x_wconf 83' lang='lat' dir='ltr'><strong>sel.</strong></span> <span class='ocrx_word' id='word_1_51' title='bbox 1962 674 2108 730; x_wconf 88' lang='grc'><strong><em>2181).</em></strong></span> 
     </span>
     <span class='ocr_line' id='line_1_7' title="bbox 388 739 2110 796; baseline 0.001 -12"><span class='ocrx_word' id='word_1_52' title='bbox 388 743 545 784; x_wconf 89' lang='lat' dir='ltr'><strong>Trebio</strong></span> <span class='ocrx_word' id='word_1_53' title='bbox 578 741 786 795; x_wconf 81' lang='lat' dir='ltr'>Sergiano</span> <span class='ocrx_word' id='word_1_54' title='bbox 816 740 1036 795; x_wconf 81' lang='lat' dir='ltr'><strong>rescripsit</strong></span> <span class='ocrx_word' id='word_1_55' title='bbox 1060 739 1310 782; x_wconf 83' lang='lat' dir='ltr'><strong>Hadrianus</strong></span> <span class='ocrx_word' id='word_1_56' title='bbox 1340 739 1383 783; x_wconf 88' lang='lat' dir='ltr'><em>U</em></span> <span class='ocrx_word' id='word_1_57' title='bbox 1385 740 1515 795; x_wconf 79' lang='lat' dir='ltr'><strong>lpian.</strong></span> <span class='ocrx_word' id='word_1_58' title='bbox 1545 741 1654 784; x_wconf 82' lang='lat' dir='ltr'><strong>libro</strong></span> <span class='ocrx_word' id='word_1_59' title='bbox 1682 745 1835 796; x_wconf 78' lang='lat' dir='ltr'><strong>quarto</strong></span> <span class='ocrx_word' id='word_1_60' title='bbox 1865 741 2022 786; x_wconf 86' lang='lat' dir='ltr'><strong>decimo</strong></span> <span class='ocrx_word' id='word_1_61' title='bbox 2051 743 2110 786; x_wconf 85' lang='lat' dir='ltr'><strong>ad</strong></span> 
     </span>
     <span class='ocr_line' id='line_1_8' title="bbox 385 807 1006 863; baseline -0.005 -10"><span class='ocrx_word' id='word_1_62' title='bbox 385 811 563 853; x_wconf 81' lang='lat' dir='ltr'><strong>edictum</strong></span> <span class='ocrx_word' id='word_1_63' title='bbox 594 808 711 863; x_wconf 68' lang='lat' dir='ltr'><strong>(Dio.</strong></span> <span class='ocrx_word' id='word_1_64' title='bbox 741 811 780 859; x_wconf 85' lang='lat'><strong>5,</strong></span> <span class='ocrx_word' id='word_1_65' title='bbox 809 812 848 858; x_wconf 84' lang='lat'><strong>3,</strong></span> <span class='ocrx_word' id='word_1_66' title='bbox 880 811 918 858; x_wconf 87' lang='grc'><strong>5,</strong></span> <span class='ocrx_word' id='word_1_67' title='bbox 950 807 1006 862; x_wconf 91' lang='grc'><strong>1).</strong></span> 
     </span>
    </p>

    <p class='ocr_par' dir='ltr' id='par_1_4' title="bbox 315 876 1849 922">
     <span class='ocr_line' id='line_1_9' title="bbox 315 876 1849 922; baseline 0.001 -2"><span class='ocrx_word' id='word_1_68' title='bbox 315 905 370 908; x_wconf 88' lang='grc'>-</span> <span class='ocrx_word' id='word_1_69' title='bbox 414 879 716 920; x_wconf 89' lang='lat' dir='ltr'><strong>Trebonianus</strong></span> <span class='ocrx_word' id='word_1_70' title='bbox 745 877 864 921; x_wconf 79' lang='lat' dir='ltr'><strong>Plut.</strong></span> <span class='ocrx_word' id='word_1_71' title='bbox 894 876 1022 919; x_wconf 74' lang='lat' dir='ltr'><strong>Galo.</strong></span> <span class='ocrx_word' id='word_1_72' title='bbox 1043 879 1108 920; x_wconf 89' lang='lat'><strong>15.</strong></span> <span class='ocrx_word' id='word_1_73' title='bbox 1169 877 1214 921; x_wconf 89' lang='lat' dir='ltr'><strong>V.</strong></span> <span class='ocrx_word' id='word_1_74' title='bbox 1245 878 1321 919; x_wconf 85' lang='lat' dir='ltr'><strong>sub</strong></span> <span class='ocrx_word' id='word_1_75' title='bbox 1354 877 1563 921; x_wconf 77' lang='lat' dir='ltr'><em>Trebonio</em></span> <span class='ocrx_word' id='word_1_76' title='bbox 1591 877 1849 922; x_wconf 80' lang='lat' dir='ltr'><strong>Garutiano.</strong></span> 
     </span>
    </p>

    <p class='ocr_par' dir='ltr' id='par_1_5' title="bbox 313 955 1709 997">
     <span class='ocr_line' id='line_1_10' title="bbox 313 955 1709 997; baseline 0.001 -4"><span class='ocrx_word' id='word_1_77' title='bbox 313 978 369 984; x_wconf 96' lang='lat'>—</span> <span class='ocrx_word' id='word_1_78' title='bbox 414 960 514 994; x_wconf 86' lang='lat' dir='ltr'><strong>IMP.</strong></span> <span class='ocrx_word' id='word_1_79' title='bbox 547 958 684 993; x_wconf 87' lang='lat' dir='ltr'><strong>CAES.</strong></span> <span class='ocrx_word' id='word_1_80' title='bbox 719 958 759 993; x_wconf 80' lang='lat' dir='ltr'><strong>C.</strong></span> <span class='ocrx_word' id='word_1_81' title='bbox 790 957 955 992; x_wconf 89' lang='lat' dir='ltr'>VIBIVS</span> <span class='ocrx_word' id='word_1_82' title='bbox 984 955 1341 992; x_wconf 86' lang='lat' dir='ltr'><strong>TREBONIANVS</strong></span> <span class='ocrx_word' id='word_1_83' title='bbox 1373 957 1564 993; x_wconf 86' lang='lat' dir='ltr'><strong>GALLVS</strong></span> <span class='ocrx_word' id='word_1_84' title='bbox 1595 958 1709 997; x_wconf 84' lang='lat' dir='ltr'><strong>AVG.</strong></span> 
     </span>
    </p>
   </div>
   <div class='ocr_carea' id='block_1_3' title="bbox 314 1030 1359 1068">
    <p class='ocr_par' dir='ltr' id='par_1_6' title="bbox 314 1030 1359 1068">
     <span class='ocr_line' id='line_1_11' title="bbox 314 1030 1359 1068; baseline 0 -1"><span class='ocrx_word' id='word_1_85' title='bbox 314 1052 369 1057; x_wconf 90' lang='lat'>—</span> <span class='ocrx_word' id='word_1_86' title='bbox 414 1033 587 1067; x_wconf 88' lang='lat' dir='ltr'><strong>APPIVS</strong></span> <span class='ocrx_word' id='word_1_87' title='bbox 618 1031 805 1067; x_wconf 89' lang='lat' dir='ltr'><strong>ANNIVS</strong></span> <span class='ocrx_word' id='word_1_88' title='bbox 837 1030 1120 1066; x_wconf 86' lang='lat' dir='ltr'>TREBONIVS</span> <span class='ocrx_word' id='word_1_89' title='bbox 1153 1030 1359 1068; x_wconf 88' lang='lat' dir='ltr'><strong>GALLVS.</strong></span> 
     </span>
    </p>
   </div>
   <div class='ocr_carea' id='block_1_4' title="bbox 299 1105 2112 1574">
    <p class='ocr_par' dir='ltr' id='par_1_7' title="bbox 299 1105 2112 1574">
     <span class='ocr_line' id='line_1_12' title="bbox 299 1105 2109 1165; baseline 0.002 -16"><span class='ocrx_word' id='word_1_90' title='bbox 299 1109 381 1149; x_wconf 83' lang='lat'><strong>245</strong></span> <span class='ocrx_word' id='word_1_91' title='bbox 412 1107 652 1148; x_wconf 84' lang='lat' dir='ltr'>Trebonius</span> <span class='ocrx_word' id='word_1_92' title='bbox 679 1106 956 1159; x_wconf 80' lang='lat' dir='ltr'><strong>Garutianus,</strong></span> <span class='ocrx_word' id='word_1_93' title='bbox 990 1111 1246 1161; x_wconf 86' lang='lat' dir='ltr'><strong>procurator</strong></span> <span class='ocrx_word' id='word_1_94' title='bbox 1276 1106 1352 1160; x_wconf 86' lang='lat' dir='ltr'><strong>(sic</strong></span> <span class='ocrx_word' id='word_1_95' title='bbox 1375 1106 1489 1157; x_wconf 69' lang='lat' dir='ltr'><strong>Tac„</strong></span> <span class='ocrx_word' id='word_1_96' title='bbox 1522 1105 1794 1165; x_wconf 83' lang='grc' dir='ltr'>Τρεβωνιανός</span> <span class='ocrx_word' id='word_1_97' title='bbox 1824 1108 2013 1151; x_wconf 74' lang='lat' dir='ltr'><strong>tradam</strong></span> <span class='ocrx_word' id='word_1_98' title='bbox 2039 1122 2109 1164; x_wconf 85' lang='grc' dir='ltr'><strong>αΡ.</strong></span> 
     </span>
     <span class='ocr_line' id='line_1_13' title="bbox 383 1171 2107 1228; baseline 0.002 -12"><span class='ocrx_word' id='word_1_99' title='bbox 383 1174 531 1228; x_wconf 65' lang='lat' dir='ltr'><strong>Plut),</strong></span> <span class='ocrx_word' id='word_1_100' title='bbox 564 1175 685 1215; x_wconf 86' lang='lat' dir='ltr'><strong>iussu</strong></span> <span class='ocrx_word' id='word_1_101' title='bbox 709 1172 878 1215; x_wconf 80' lang='lat' dir='ltr'>Galbae</span> <span class='ocrx_word' id='word_1_102' title='bbox 899 1171 1101 1214; x_wconf 84' lang='lat' dir='ltr'><strong>Clodium</strong></span> <span class='ocrx_word' id='word_1_103' title='bbox 1122 1173 1318 1215; x_wconf 87' lang='lat' dir='ltr'><strong>Macrum</strong></span> <span class='ocrx_word' id='word_1_104' title='bbox 1351 1174 1395 1215; x_wconf 93' lang='lat' dir='ltr'><strong>in</strong></span> <span class='ocrx_word' id='word_1_105' title='bbox 1416 1174 1566 1216; x_wconf 88' lang='lat' dir='ltr'><strong>Africa</strong></span> <span class='ocrx_word' id='word_1_106' title='bbox 1586 1176 1804 1218; x_wconf 80' lang='lat' dir='ltr'><strong>interfecit</strong></span> <span class='ocrx_word' id='word_1_107' title='bbox 1829 1176 1927 1219; x_wconf 83' lang='lat' dir='ltr'><strong>Tac.</strong></span> <span class='ocrx_word' id='word_1_108' title='bbox 1948 1175 1989 1219; x_wconf 79' lang='lat' dir='ltr'><strong>h.</strong></span> <span class='ocrx_word' id='word_1_109' title='bbox 2011 1180 2050 1228; x_wconf 89' lang='lat'><strong>1,</strong></span> <span class='ocrx_word' id='word_1_110' title='bbox 2069 1180 2107 1228; x_wconf 81' lang='lat'><strong>7,</strong></span> 
     </span>
     <span class='ocr_line' id='line_1_14' title="bbox 384 1241 2107 1301; baseline 0.002 -17"><span class='ocrx_word' id='word_1_111' title='bbox 384 1243 498 1284; x_wconf 84' lang='lat' dir='ltr'><strong>Plut.</strong></span> <span class='ocrx_word' id='word_1_112' title='bbox 534 1242 661 1285; x_wconf 73' lang='lat' dir='ltr'><strong>Galo.</strong></span> <span class='ocrx_word' id='word_1_113' title='bbox 693 1244 761 1284; x_wconf 88' lang='lat'><strong>15.</strong></span> <span class='ocrx_word' id='word_1_114' title='bbox 818 1241 993 1283; x_wconf 79' lang='lat' dir='ltr'><strong>Videtur</strong></span> <span class='ocrx_word' id='word_1_115' title='bbox 1020 1254 1089 1284; x_wconf 87' lang='lat' dir='ltr'><strong>res</strong></span> <span class='ocrx_word' id='word_1_116' title='bbox 1118 1241 1361 1295; x_wconf 76' lang='lat' dir='ltr'><strong>familiares</strong></span> <span class='ocrx_word' id='word_1_117' title='bbox 1379 1244 1596 1298; x_wconf 76' lang='lat' dir='ltr'><strong>principis</strong></span> <span class='ocrx_word' id='word_1_118' title='bbox 1625 1244 1672 1286; x_wconf 91' lang='lat' dir='ltr'><strong>in</strong></span> <span class='ocrx_word' id='word_1_119' title='bbox 1700 1244 1862 1298; x_wconf 84' lang='lat' dir='ltr'><strong>Africa</strong></span> <span class='ocrx_word' id='word_1_120' title='bbox 1890 1246 2107 1301; x_wconf 79' lang='lat' dir='ltr'><strong>tractasse,</strong></span> 
     </span>
     <span class='ocr_line' id='line_1_15' title="bbox 382 1310 2112 1367; baseline 0.002 -15"><span class='ocrx_word' id='word_1_121' title='bbox 382 1325 466 1352; x_wconf 91' lang='lat' dir='ltr'><strong>non</strong></span> <span class='ocrx_word' id='word_1_122' title='bbox 504 1311 662 1352; x_wconf 68' lang='lat' dir='ltr'><strong>rescisse</strong></span> <span class='ocrx_word' id='word_1_123' title='bbox 691 1310 960 1363; x_wconf 73' lang='lat' dir='ltr'><strong>provinciam</strong></span> <span class='ocrx_word' id='word_1_124' title='bbox 993 1310 1318 1352; x_wconf 76' lang='lat' dir='ltr'><strong>Mauretaniam</strong></span> <span class='ocrx_word' id='word_1_125' title='bbox 1354 1310 1671 1354; x_wconf 79' lang='lat' dir='ltr'><strong>Caesariensem</strong></span> <span class='ocrx_word' id='word_1_126' title='bbox 1711 1312 1839 1367; x_wconf 79' lang='lat' dir='ltr'><strong>(quod</strong></span> <span class='ocrx_word' id='word_1_127' title='bbox 1874 1315 2112 1357; x_wconf 86' lang='lat' dir='ltr'><strong>coniecerat</strong></span> 
     </span>
     <span class='ocr_line' id='line_1_16' title="bbox 384 1377 2111 1437; baseline 0.003 -17"><span class='ocrx_word' id='word_1_128' title='bbox 384 1380 615 1421; x_wconf 87' lang='lat' dir='ltr'><strong>Mommsen</strong></span> <span class='ocrx_word' id='word_1_129' title='bbox 653 1377 766 1421; x_wconf 83' lang='lat' dir='ltr'><strong>CIL.</strong></span> <span class='ocrx_word' id='word_1_130' title='bbox 809 1378 933 1420; x_wconf 89' lang='lat' dir='ltr'><strong><em>VIII</em></strong></span> <span class='ocrx_word' id='word_1_131' title='bbox 955 1393 1003 1432; x_wconf 92' lang='grc' dir='ltr'><strong>Ρ.</strong></span> <span class='ocrx_word' id='word_1_132' title='bbox 1034 1377 1159 1432; x_wconf 84' lang='grc' dir='ltr'><strong><em>ΧΧ),</em></strong></span> <span class='ocrx_word' id='word_1_133' title='bbox 1203 1392 1296 1420; x_wconf 89' lang='lat' dir='ltr'><strong>cum</strong></span> <span class='ocrx_word' id='word_1_134' title='bbox 1335 1379 1447 1421; x_wconf 77' lang='lat' dir='ltr'><strong>hanc</strong></span> <span class='ocrx_word' id='word_1_135' title='bbox 1477 1395 1561 1434; x_wconf 75' lang='lat' dir='ltr'><strong>per</strong></span> <span class='ocrx_word' id='word_1_136' title='bbox 1601 1380 1704 1422; x_wconf 79' lang='lat' dir='ltr'><strong>haec</strong></span> <span class='ocrx_word' id='word_1_137' title='bbox 1735 1384 1924 1437; x_wconf 75' lang='lat' dir='ltr'><strong>tempora</strong></span> <span class='ocrx_word' id='word_1_138' title='bbox 1951 1383 2111 1425; x_wconf 66' lang='lat' dir='ltr'><strong>rea-erit</strong></span> 
     </span>
     <span class='ocr_line' id='line_1_17' title="bbox 382 1446 2110 1502; baseline 0.003 -13"><span class='ocrx_word' id='word_1_139' title='bbox 382 1448 585 1490; x_wconf 85' lang='lat' dir='ltr'><strong>Lucceius</strong></span> <span class='ocrx_word' id='word_1_140' title='bbox 604 1446 813 1497; x_wconf 82' lang='lat' dir='ltr'><strong>Albinus,·</strong></span> <span class='ocrx_word' id='word_1_141' title='bbox 843 1460 894 1488; x_wconf 87' lang='lat' dir='ltr'><strong>ac</strong></span> <span class='ocrx_word' id='word_1_142' title='bbox 922 1447 993 1488; x_wconf 69' lang='lat' dir='ltr'><strong>vin</strong></span> <span class='ocrx_word' id='word_1_143' title='bbox 1018 1447 1288 1501; x_wconf 75' lang='lat' dir='ltr'><strong>coyitandum</strong></span> <span class='ocrx_word' id='word_1_144' title='bbox 1309 1448 1359 1490; x_wconf 84' lang='lat' dir='ltr'><strong>de</strong></span> <span class='ocrx_word' id='word_1_145' title='bbox 1380 1452 1662 1502; x_wconf 74' lang='lat' dir='ltr'><strong>procuratore</strong></span> <span class='ocrx_word' id='word_1_146' title='bbox 1684 1449 1989 1494; x_wconf 81' lang='lat' dir='ltr'><strong>Mauretaniae</strong></span> <span class='ocrx_word' id='word_1_147' title='bbox 2010 1451 2110 1494; x_wconf 75' lang='lat' dir='ltr'><strong>Tin-</strong></span> 
     </span>
     <span class='ocr_line' id='line_1_18' title="bbox 379 1513 2109 1574; baseline 0.003 -17"><span class='ocrx_word' id='word_1_148' title='bbox 379 1518 553 1571; x_wconf 79' lang='lat' dir='ltr'><strong>9itanae</strong></span> <span class='ocrx_word' id='word_1_149' title='bbox 570 1513 679 1567; x_wconf 84' lang='lat' dir='ltr'><strong>(cum</strong></span> <span class='ocrx_word' id='word_1_150' title='bbox 699 1514 830 1556; x_wconf 84' lang='lat' dir='ltr'><strong>Pallu</strong></span> <span class='ocrx_word' id='word_1_151' title='bbox 851 1514 900 1557; x_wconf 84' lang='lat' dir='ltr'><strong>de</strong></span> <span class='ocrx_word' id='word_1_152' title='bbox 915 1515 1083 1557; x_wconf 83' lang='lat' dir='ltr'><strong>Lessert</strong></span> <span class='ocrx_word' id='word_1_153' title='bbox 1104 1515 1205 1558; x_wconf 85' lang='lat' dir='ltr'><strong>bull.</strong></span> <span class='ocrx_word' id='word_1_154' title='bbox 1227 1515 1300 1557; x_wconf 82' lang='lat' dir='ltr'><strong>des</strong></span> <span class='ocrx_word' id='word_1_155' title='bbox 1319 1517 1551 1570; x_wconf 77' lang='lat' dir='ltr'><strong>antiquites</strong></span> <span class='ocrx_word' id='word_1_156' title='bbox 1570 1518 1805 1571; x_wconf 79' lang='lat' dir='ltr'><strong>africaines</strong></span> <span class='ocrx_word' id='word_1_157' title='bbox 1819 1521 1928 1563; x_wconf 87' lang='grc'><strong><em>1885</em></strong></span> <span class='ocrx_word' id='word_1_158' title='bbox 1937 1534 1986 1574; x_wconf 88' lang='grc' dir='ltr'><strong>Ρ.</strong></span> <span class='ocrx_word' id='word_1_159' title='bbox 1998 1518 2109 1574; x_wconf 90' lang='grc'><strong><em>158).</em></strong></span> 
     </span>
    </p>
   </div>
   <div class='ocr_carea' id='block_1_5' title="bbox 298 1595 2110 1708">
    <p class='ocr_par' dir='ltr' id='par_1_8' title="bbox 298 1595 2110 1708">
     <span class='ocr_line' id='line_1_19' title="bbox 298 1595 2110 1651; baseline 0.002 -13"><span class='ocrx_word' id='word_1_160' title='bbox 298 1597 380 1638; x_wconf 86' lang='grc'><strong>246</strong></span> <span class='ocrx_word' id='word_1_161' title='bbox 410 1595 460 1636; x_wconf 93' lang='lat' dir='ltr'><strong>L.</strong></span> <span class='ocrx_word' id='word_1_162' title='bbox 503 1595 744 1637; x_wconf 85' lang='lat' dir='ltr'><strong>Trebonius</strong></span> <span class='ocrx_word' id='word_1_163' title='bbox 779 1595 960 1638; x_wconf 87' lang='lat' dir='ltr'><strong>Oricula</strong></span> <span class='ocrx_word' id='word_1_164' title='bbox 999 1597 1074 1649; x_wconf 89' lang='lat'><strong>(=</strong></span> <span class='ocrx_word' id='word_1_165' title='bbox 1104 1596 1345 1651; x_wconf 88' lang='lat' dir='ltr'><strong>Auricula),</strong></span> <span class='ocrx_word' id='word_1_166' title='bbox 1387 1596 1524 1639; x_wconf 88' lang='lat' dir='ltr'><strong>Philis</strong></span> <span class='ocrx_word' id='word_1_167' title='bbox 1565 1597 1649 1640; x_wconf 85' lang='lat' dir='ltr'><strong>fuit</strong></span> <span class='ocrx_word' id='word_1_168' title='bbox 1688 1614 1725 1640; x_wconf 88' lang='lat' dir='ltr'><strong>a.</strong></span> <span class='ocrx_word' id='word_1_169' title='bbox 1758 1599 1842 1642; x_wconf 87' lang='lat'><strong>752</strong></span> <span class='ocrx_word' id='word_1_170' title='bbox 1880 1614 1968 1642; x_wconf 82' lang='lat' dir='ltr'><strong>una</strong></span> <span class='ocrx_word' id='word_1_171' title='bbox 2009 1613 2110 1642; x_wconf 86' lang='lat' dir='ltr'><strong>cum</strong></span> 
     </span>
     <span class='ocr_line' id='line_1_20' title="bbox 383 1663 1023 1708; baseline -0.003 0"><span class='ocrx_word' id='word_1_172' title='bbox 383 1664 430 1708; x_wconf 81' lang='lat' dir='ltr'><strong>C.</strong></span> <span class='ocrx_word' id='word_1_173' title='bbox 460 1664 675 1705; x_wconf 90' lang='lat' dir='ltr'><strong>Numonio</strong></span> <span class='ocrx_word' id='word_1_174' title='bbox 706 1663 817 1706; x_wconf 88' lang='lat' dir='ltr'><strong>Vala</strong></span> <span class='ocrx_word' id='word_1_175' title='bbox 847 1664 935 1706; x_wconf 91' lang='lat' dir='ltr'><strong>III</strong></span> <span class='ocrx_word' id='word_1_176' title='bbox 958 1667 1023 1706; x_wconf 84' lang='lat'><strong>74.</strong></span> 
     </span>
    </p>
   </div>
   <div class='ocr_carea' id='block_1_6' title="bbox 310 1743 2109 1813">
    <p class='ocr_par' dir='ltr' id='par_1_9' title="bbox 310 1743 2109 1813">
     <span class='ocr_line' id='line_1_21' title="bbox 310 1743 2109 1813; baseline 0.004 -30"><span class='ocrx_word' id='word_1_177' title='bbox 310 1769 366 1773; x_wconf 79' lang='lat'><strong>—</strong></span> <span class='ocrx_word' id='word_1_178' title='bbox 411 1743 739 1798; x_wconf 80' lang='lat' dir='ltr'><strong>[TRE]RoN[1Vs</strong></span> <span class='ocrx_word' id='word_1_179' title='bbox 771 1743 1048 1799; x_wconf 74' lang='lat' dir='ltr'><strong>PRo]cvl.vs</strong></span> <span class='ocrx_word' id='word_1_180' title='bbox 1081 1751 1301 1787; x_wconf 82' lang='lat' dir='ltr'><strong>METTIVS</strong></span> <span class='ocrx_word' id='word_1_181' title='bbox 1328 1752 1593 1789; x_wconf 80' lang='lat' dir='ltr'><strong>MODEsTvs</strong></span> <span class='ocrx_word' id='word_1_182' title='bbox 1613 1761 1651 1789; x_wconf 81' lang='lat' dir='ltr'><strong>v.</strong></span> <span class='ocrx_word' id='word_1_183' title='bbox 1672 1747 1852 1800; x_wconf 77' lang='lat' dir='ltr'><strong>Mettius</strong></span> <span class='ocrx_word' id='word_1_184' title='bbox 1872 1747 2109 1813; x_wconf 76' lang='lat' dir='ltr'><strong>Modestus.</strong></span> 
     </span>
    </p>
   </div>
   <div class='ocr_carea' id='block_1_7' title="bbox 302 1823 2110 2015">
    <p class='ocr_par' dir='ltr' id='par_1_10' title="bbox 302 1823 2110 2015">
     <span class='ocr_line' id='line_1_22' title="bbox 302 1823 2110 1884; baseline 0.003 -18"><span class='ocrx_word' id='word_1_185' title='bbox 302 1824 382 1866; x_wconf 87' lang='grc'><strong>247</strong></span> <span class='ocrx_word' id='word_1_186' title='bbox 414 1823 656 1865; x_wconf 89' lang='lat' dir='ltr'><strong>Trebonius</strong></span> <span class='ocrx_word' id='word_1_187' title='bbox 678 1823 872 1878; x_wconf 82' lang='lat' dir='ltr'><strong>Rufinus,</strong></span> <span class='ocrx_word' id='word_1_188' title='bbox 892 1823 1048 1865; x_wconf 88' lang='lat' dir='ltr'><strong>duovir</strong></span> <span class='ocrx_word' id='word_1_189' title='bbox 1067 1824 1277 1880; x_wconf 86' lang='lat' dir='ltr'><strong>Viennae,</strong></span> <span class='ocrx_word' id='word_1_190' title='bbox 1303 1827 1555 1881; x_wconf 80' lang='lat' dir='ltr'><strong>gymnicum</strong></span> <span class='ocrx_word' id='word_1_191' title='bbox 1578 1840 1774 1881; x_wconf 84' lang='lat' dir='ltr'><strong>agonem,</strong></span> <span class='ocrx_word' id='word_1_192' title='bbox 1795 1828 1871 1884; x_wconf 91' lang='lat' dir='ltr'><strong>qui</strong></span> <span class='ocrx_word' id='word_1_193' title='bbox 1891 1842 1949 1871; x_wconf 85' lang='lat' dir='ltr'><strong>ex</strong></span> <span class='ocrx_word' id='word_1_194' title='bbox 1967 1829 2110 1871; x_wconf 82' lang='lat' dir='ltr'><strong>cuius-</strong></span> 
     </span>
     <span class='ocr_line' id='line_1_23' title="bbox 385 1891 2108 1954; baseline 0.004 -21"><span class='ocrx_word' id='word_1_195' title='bbox 385 1892 482 1933; x_wconf 79' lang='lat' dir='ltr'><strong>dam</strong></span> <span class='ocrx_word' id='word_1_196' title='bbox 514 1898 765 1933; x_wconf 86' lang='lat' dir='ltr'><strong>testamento</strong></span> <span class='ocrx_word' id='word_1_197' title='bbox 793 1892 850 1934; x_wconf 89' lang='lat' dir='ltr'><strong>ibi</strong></span> <span class='ocrx_word' id='word_1_198' title='bbox 885 1891 1199 1947; x_wconf 82' lang='lat' dir='ltr'><strong>celebrabatur,</strong></span> <span class='ocrx_word' id='word_1_199' title='bbox 1233 1893 1491 1949; x_wconf 72' lang='lat' dir='ltr'><strong>sustuleratt,</strong></span> <span class='ocrx_word' id='word_1_200' title='bbox 1533 1910 1620 1951; x_wconf 88' lang='lat' dir='ltr'><strong>qua</strong></span> <span class='ocrx_word' id='word_1_201' title='bbox 1650 1910 1696 1937; x_wconf 90' lang='lat' dir='ltr'><strong>re</strong></span> <span class='ocrx_word' id='word_1_202' title='bbox 1727 1902 1953 1940; x_wconf 78' lang='lat' dir='ltr'><strong>aecusatus</strong></span> <span class='ocrx_word' id='word_1_203' title='bbox 1991 1896 2108 1954; x_wconf 86' lang='lat' dir='ltr'><strong>apud</strong></span> 
     </span>
     <span class='ocr_line' id='line_1_24' title="bbox 380 1960 1042 2015; baseline 0.005 -14"><span class='ocrx_word' id='word_1_204' title='bbox 380 1960 617 2002; x_wconf 86' lang='lat' dir='ltr'><strong>Traianum</strong></span> <span class='ocrx_word' id='word_1_205' title='bbox 648 1960 766 2004; x_wconf 84' lang='lat' dir='ltr'><strong>Plin.</strong></span> <span class='ocrx_word' id='word_1_206' title='bbox 800 1976 862 2015; x_wconf 78' lang='lat' dir='ltr'><strong>ep.</strong></span> <span class='ocrx_word' id='word_1_207' title='bbox 895 1965 935 2012; x_wconf 85' lang='lat'><strong>4,</strong></span> <span class='ocrx_word' id='word_1_208' title='bbox 967 1965 1042 2005; x_wconf 88' lang='grc'><strong>22.</strong></span> 
     </span>
    </p>
   </div>
   <div class='ocr_carea' id='block_1_8' title="bbox 297 2038 2109 2576">
    <p class='ocr_par' dir='ltr' id='par_1_11' title="bbox 297 2038 2109 2576">
     <span class='ocr_line' id='line_1_25' title="bbox 297 2038 2109 2094; baseline 0.004 -13"><span class='ocrx_word' id='word_1_209' title='bbox 297 2040 379 2081; x_wconf 86' lang='grc'><strong>248</strong></span> <span class='ocrx_word' id='word_1_210' title='bbox 412 2046 488 2082; x_wconf 87' lang='lat' dir='ltr'><strong>CN.</strong></span> <span class='ocrx_word' id='word_1_211' title='bbox 519 2046 807 2082; x_wconf 85' lang='lat' dir='ltr'><strong>TREMELIVS</strong></span> <span class='ocrx_word' id='word_1_212' title='bbox 841 2041 939 2094; x_wconf 83' lang='lat' dir='ltr'><strong>(Cn,</strong></span> <span class='ocrx_word' id='word_1_213' title='bbox 968 2042 1097 2084; x_wconf 85' lang='lat' dir='ltr'><strong>Trem</strong></span> <span class='ocrx_word' id='word_1_214' title='bbox 1117 2075 1244 2085; x_wconf 89' lang='grc'><strong>.....</strong></span> <span class='ocrx_word' id='word_1_215' title='bbox 1276 2046 1357 2087; x_wconf 88' lang='lat' dir='ltr'><strong>act.</strong></span> <span class='ocrx_word' id='word_1_216' title='bbox 1389 2043 1518 2094; x_wconf 86' lang='lat' dir='ltr'><strong>Arv„</strong></span> <span class='ocrx_word' id='word_1_217' title='bbox 1560 2043 1640 2088; x_wconf 83' lang='lat' dir='ltr'><strong>On.</strong></span> <span class='ocrx_word' id='word_1_218' title='bbox 1672 2042 1915 2088; x_wconf 81' lang='lat' dir='ltr'><strong>Tremelius</strong></span> <span class='ocrx_word' id='word_1_219' title='bbox 1941 2038 2109 2089; x_wconf 57' lang='lat' dir='ltr'><strong>videtum</strong></span> 
     </span>
     <span class='ocr_line' id='line_1_26' title="bbox 381 2108 2107 2166; baseline 0.006 -18"><span class='ocrx_word' id='word_1_220' title='bbox 381 2108 699 2162; x_wconf 71' lang='lat' dir='ltr'><strong>intelloyendum</strong></span> <span class='ocrx_word' id='word_1_221' title='bbox 729 2123 814 2151; x_wconf 85' lang='lat' dir='ltr'><strong>esse</strong></span> <span class='ocrx_word' id='word_1_222' title='bbox 839 2110 886 2152; x_wconf 91' lang='lat' dir='ltr'><strong>in</strong></span> <span class='ocrx_word' id='word_1_223' title='bbox 907 2113 934 2154; x_wconf 89' lang='lat' dir='ltr'><strong>t.</strong></span> <span class='ocrx_word' id='word_1_224' title='bbox 958 2110 1250 2166; x_wconf 74' lang='lat' dir='ltr'><strong>Pompeiano).</strong></span> <span class='ocrx_word' id='word_1_225' title='bbox 1296 2111 1502 2155; x_wconf 83' lang='lat' dir='ltr'><strong>Fortasse</strong></span> <span class='ocrx_word' id='word_1_226' title='bbox 1523 2113 1728 2156; x_wconf 82' lang='lat' dir='ltr'><strong>oriundus</strong></span> <span class='ocrx_word' id='word_1_227' title='bbox 1750 2128 1778 2156; x_wconf 88' lang='lat' dir='ltr'><strong>a</strong></span> <span class='ocrx_word' id='word_1_228' title='bbox 1799 2113 1875 2160; x_wconf 81' lang='lat' dir='ltr'><strong>On.</strong></span> <span class='ocrx_word' id='word_1_229' title='bbox 1902 2114 2107 2158; x_wconf 85' lang='lat' dir='ltr'><strong>Tremelio</strong></span> 
     </span>
     <span class='ocr_line' id='line_1_27' title="bbox 382 2176 2104 2238; baseline 0.005 -19"><span class='ocrx_word' id='word_1_230' title='bbox 382 2176 540 2230; x_wconf 81' lang='lat' dir='ltr'><strong>Scrofa</strong></span> <span class='ocrx_word' id='word_1_231' title='bbox 571 2178 705 2219; x_wconf 84' lang='lat' dir='ltr'><strong>amico</strong></span> <span class='ocrx_word' id='word_1_232' title='bbox 750 2178 955 2221; x_wconf 86' lang='lat' dir='ltr'><strong>Varronis</strong></span> <span class='ocrx_word' id='word_1_233' title='bbox 986 2179 1052 2235; x_wconf 84' lang='lat' dir='ltr'><strong>(de</strong></span> <span class='ocrx_word' id='word_1_234' title='bbox 1081 2194 1128 2222; x_wconf 93' lang='lat' dir='ltr'><strong>re</strong></span> <span class='ocrx_word' id='word_1_235' title='bbox 1158 2194 1194 2224; x_wconf 91' lang='lat' dir='ltr'><strong>r.</strong></span> <span class='ocrx_word' id='word_1_236' title='bbox 1226 2184 1263 2234; x_wconf 93' lang='lat'><strong>1,</strong></span> <span class='ocrx_word' id='word_1_237' title='bbox 1295 2183 1338 2231; x_wconf 89' lang='grc'><strong>2,</strong></span> <span class='ocrx_word' id='word_1_238' title='bbox 1370 2184 1396 2223; x_wconf 91' lang='grc'><em>9</em></span> <span class='ocrx_word' id='word_1_239' title='bbox 1427 2181 1520 2236; x_wconf 87' lang='lat' dir='ltr'><strong>cet.)</strong></span> <span class='ocrx_word' id='word_1_240' title='bbox 1562 2185 1602 2224; x_wconf 90' lang='lat' dir='ltr'><strong>et</strong></span> <span class='ocrx_word' id='word_1_241' title='bbox 1643 2181 1859 2226; x_wconf 78' lang='lat' dir='ltr'><strong>Ciceronis</strong></span> <span class='ocrx_word' id='word_1_242' title='bbox 1899 2182 1976 2238; x_wconf 82' lang='lat' dir='ltr'><strong>(ad</strong></span> <span class='ocrx_word' id='word_1_243' title='bbox 2011 2182 2104 2228; x_wconf 71' lang='lat' dir='ltr'><strong>Aa.</strong></span> 
     </span>
     <span class='ocr_line' id='line_1_28' title="bbox 380 2245 2105 2299; baseline 0.006 -14"><span class='ocrx_word' id='word_1_244' title='bbox 380 2246 417 2297; x_wconf 87' lang='grc'><strong>5,</strong></span> <span class='ocrx_word' id='word_1_245' title='bbox 450 2248 488 2294; x_wconf 90' lang='grc'><strong><em>4,</em></strong></span> <span class='ocrx_word' id='word_1_246' title='bbox 520 2248 551 2287; x_wconf 89' lang='grc'><em>2</em></span> <span class='ocrx_word' id='word_1_247' title='bbox 571 2245 675 2299; x_wconf 80' lang='lat' dir='ltr'><strong>cet).</strong></span> <span class='ocrx_word' id='word_1_248' title='bbox 737 2245 901 2288; x_wconf 86' lang='lat' dir='ltr'><strong>Consul</strong></span> <span class='ocrx_word' id='word_1_249' title='bbox 932 2247 1028 2290; x_wconf 88' lang='lat' dir='ltr'><strong>suff.</strong></span> <span class='ocrx_word' id='word_1_250' title='bbox 1060 2263 1099 2289; x_wconf 89' lang='lat' dir='ltr'><strong>a.</strong></span> <span class='ocrx_word' id='word_1_251' title='bbox 1131 2249 1181 2290; x_wconf 83' lang='lat'><strong>21</strong></span> <span class='ocrx_word' id='word_1_252' title='bbox 1215 2263 1363 2290; x_wconf 84' lang='lat' dir='ltr'><strong>mense</strong></span> <span class='ocrx_word' id='word_1_253' title='bbox 1384 2249 1485 2291; x_wconf 86' lang='lat' dir='ltr'><strong>Mai.</strong></span> <span class='ocrx_word' id='word_1_254' title='bbox 1516 2249 1598 2292; x_wconf 90' lang='lat' dir='ltr'><strong>Iul.</strong></span> <span class='ocrx_word' id='word_1_255' title='bbox 1629 2265 1727 2293; x_wconf 88' lang='lat' dir='ltr'><strong>cum</strong></span> <span class='ocrx_word' id='word_1_256' title='bbox 1757 2251 1889 2294; x_wconf 88' lang='lat' dir='ltr'><strong>Mam.</strong></span> <span class='ocrx_word' id='word_1_257' title='bbox 1918 2250 2105 2294; x_wconf 87' lang='lat' dir='ltr'><strong>Aemilio</strong></span> 
     </span>
     <span class='ocr_line' id='line_1_29' title="bbox 384 2312 2103 2375; baseline 0.005 -21"><span class='ocrx_word' id='word_1_258' title='bbox 384 2312 545 2354; x_wconf 83' lang='lat' dir='ltr'><strong>Scauro</strong></span> <span class='ocrx_word' id='word_1_259' title='bbox 588 2317 668 2357; x_wconf 87' lang='lat' dir='ltr'><strong>act.</strong></span> <span class='ocrx_word' id='word_1_260' title='bbox 695 2314 800 2356; x_wconf 83' lang='lat' dir='ltr'><strong>Arv.</strong></span> <span class='ocrx_word' id='word_1_261' title='bbox 843 2315 938 2369; x_wconf 88' lang='lat' dir='ltr'><strong>(VI</strong></span> <span class='ocrx_word' id='word_1_262' title='bbox 959 2316 1102 2359; x_wconf 66' lang='grc' dir='ltr'><em>202ὂῦ</em></span> <span class='ocrx_word' id='word_1_263' title='bbox 1139 2330 1176 2359; x_wconf 82' lang='lat' dir='ltr'><strong>v.</strong></span> <span class='ocrx_word' id='word_1_264' title='bbox 1212 2319 1377 2367; x_wconf 86' lang='grc'><strong><em>16-18,</em></strong></span> <span class='ocrx_word' id='word_1_265' title='bbox 1420 2318 1531 2371; x_wconf 81' lang='lat' dir='ltr'><strong>quod</strong></span> <span class='ocrx_word' id='word_1_266' title='bbox 1574 2322 1764 2361; x_wconf 87' lang='lat' dir='ltr'><strong>actorum</strong></span> <span class='ocrx_word' id='word_1_267' title='bbox 1807 2319 2103 2375; x_wconf 74' lang='lat' dir='ltr'><strong>fraymentum,</strong></span> 
     </span>
     <span class='ocr_line' id='line_1_30' title="bbox 384 2383 2106 2442; baseline 0.005 -20"><span class='ocrx_word' id='word_1_268' title='bbox 384 2395 494 2422; x_wconf 90' lang='lat' dir='ltr'><strong>anno</strong></span> <span class='ocrx_word' id='word_1_269' title='bbox 515 2384 571 2424; x_wconf 88' lang='grc'><strong>21</strong></span> <span class='ocrx_word' id='word_1_270' title='bbox 605 2383 846 2425; x_wconf 88' lang='lat' dir='ltr'><strong>coniectura</strong></span> <span class='ocrx_word' id='word_1_271' title='bbox 871 2385 1124 2427; x_wconf 85' lang='lat' dir='ltr'><strong>attributum</strong></span> <span class='ocrx_word' id='word_1_272' title='bbox 1146 2400 1174 2427; x_wconf 90' lang='lat' dir='ltr'><strong>a</strong></span> <span class='ocrx_word' id='word_1_273' title='bbox 1192 2385 1429 2440; x_wconf 62' lang='lat' dir='ltr'><strong>Borghesio</strong></span> <span class='ocrx_word' id='word_1_274' title='bbox 1449 2401 1548 2430; x_wconf 89' lang='lat' dir='ltr'><strong>ann.</strong></span> <span class='ocrx_word' id='word_1_275' title='bbox 1571 2388 1668 2430; x_wconf 83' lang='lat' dir='ltr'><strong>inst.</strong></span> <span class='ocrx_word' id='word_1_276' title='bbox 1690 2391 1798 2431; x_wconf 89' lang='grc'><strong><em>1855</em></strong></span> <span class='ocrx_word' id='word_1_277' title='bbox 1818 2402 1867 2442; x_wconf 95' lang='grc' dir='ltr'><strong>Ρ.</strong></span> <span class='ocrx_word' id='word_1_278' title='bbox 1886 2390 1928 2439; x_wconf 90' lang='grc'><strong>8,</strong></span> <span class='ocrx_word' id='word_1_279' title='bbox 1957 2402 2106 2431; x_wconf 85' lang='lat' dir='ltr'><strong>revera</strong></span> 
     </span>
     <span class='ocr_line' id='line_1_31' title="bbox 382 2449 2106 2512; baseline 0.006 -23"><span class='ocrx_word' id='word_1_280' title='bbox 382 2449 507 2490; x_wconf 80' lang='lat' dir='ltr'><strong>huius</strong></span> <span class='ocrx_word' id='word_1_281' title='bbox 546 2464 630 2492; x_wconf 82' lang='lat' dir='ltr'><strong>csse</strong></span> <span class='ocrx_word' id='word_1_282' title='bbox 671 2452 776 2493; x_wconf 88' lang='lat' dir='ltr'><strong>anni</strong></span> <span class='ocrx_word' id='word_1_283' title='bbox 813 2452 1071 2495; x_wconf 78' lang='lat' dir='ltr'><strong>demonstrat</strong></span> <span class='ocrx_word' id='word_1_284' title='bbox 1110 2455 1395 2509; x_wconf 60' lang='lat' dir='ltr'><strong>fragmentum</strong></span> <span class='ocrx_word' id='word_1_285' title='bbox 1436 2469 1571 2510; x_wconf 75' lang='lat' dir='ltr'><strong>nuper</strong></span> <span class='ocrx_word' id='word_1_286' title='bbox 1599 2460 1811 2511; x_wconf 77' lang='lat' dir='ltr'><strong>repertum</strong></span> <span class='ocrx_word' id='word_1_287' title='bbox 1840 2456 1952 2511; x_wconf 73' lang='grc' dir='ltr'><em>ΕΡῘι.</em></span> <span class='ocrx_word' id='word_1_288' title='bbox 1984 2471 2046 2512; x_wconf 77' lang='lat' dir='ltr'><strong>ep.</strong></span> <span class='ocrx_word' id='word_1_289' title='bbox 2076 2459 2106 2499; x_wconf 89' lang='grc'><strong><em>8</em></strong></span> 
     </span>
     <span class='ocr_line' id='line_1_32' title="bbox 378 2518 1622 2576; baseline 0.008 -19"><span class='ocrx_word' id='word_1_290' title='bbox 378 2531 425 2570; x_wconf 90' lang='grc' dir='ltr'><strong>Ρ.</strong></span> <span class='ocrx_word' id='word_1_291' title='bbox 447 2519 544 2572; x_wconf 83' lang='grc'><strong><em>318)</em></strong></span> <span class='ocrx_word' id='word_1_292' title='bbox 557 2531 569 2568; x_wconf 88' lang='grc'><strong><em>;</em></strong></span> <span class='ocrx_word' id='word_1_293' title='bbox 600 2521 626 2560; x_wconf 90' lang='lat' dir='ltr'><strong>t.</strong></span> <span class='ocrx_word' id='word_1_294' title='bbox 660 2518 945 2573; x_wconf 73' lang='lat' dir='ltr'><strong>Pompeianus</strong></span> <span class='ocrx_word' id='word_1_295' title='bbox 969 2522 1153 2576; x_wconf 74' lang='lat' dir='ltr'><strong>yraphio</strong></span> <span class='ocrx_word' id='word_1_296' title='bbox 1183 2526 1385 2565; x_wconf 76' lang='lat' dir='ltr'><strong>exaratus</strong></span> <span class='ocrx_word' id='word_1_297' title='bbox 1412 2523 1492 2566; x_wconf 87' lang='lat' dir='ltr'><strong>IV</strong></span> <span class='ocrx_word' id='word_1_298' title='bbox 1504 2527 1622 2567; x_wconf 86' lang='lat'><strong><em>1553.</em></strong></span> 
     </span>
    </p>
   </div>
   <div class='ocr_carea' id='block_1_9' title="bbox 298 2596 2103 2726">
    <p class='ocr_par' dir='ltr' id='par_1_12' title="bbox 298 2596 2103 2726">
     <span class='ocr_line' id='line_1_33' title="bbox 298 2596 2103 2659; baseline 0.007 -24"><span class='ocrx_word' id='word_1_299' title='bbox 298 2596 380 2637; x_wconf 74' lang='lat'><strong>249</strong></span> <span class='ocrx_word' id='word_1_300' title='bbox 409 2596 625 2651; x_wconf 84' lang='lat' dir='ltr'><strong>Triarius,</strong></span> <span class='ocrx_word' id='word_1_301' title='bbox 659 2597 828 2653; x_wconf 90' lang='lat' dir='ltr'><strong>rhetor,</strong></span> <span class='ocrx_word' id='word_1_302' title='bbox 858 2600 1010 2642; x_wconf 87' lang='lat' dir='ltr'><strong>irrisus</strong></span> <span class='ocrx_word' id='word_1_303' title='bbox 1043 2601 1099 2643; x_wconf 91' lang='lat' dir='ltr'><strong>ab</strong></span> <span class='ocrx_word' id='word_1_304' title='bbox 1129 2601 1280 2644; x_wconf 89' lang='lat' dir='ltr'><strong>Asinio</strong></span> <span class='ocrx_word' id='word_1_305' title='bbox 1314 2602 1508 2644; x_wconf 90' lang='lat' dir='ltr'><strong>Pollione</strong></span> <span class='ocrx_word' id='word_1_306' title='bbox 1539 2603 1700 2646; x_wconf 82' lang='lat' dir='ltr'><strong>Seneca</strong></span> <span class='ocrx_word' id='word_1_307' title='bbox 1731 2607 1862 2647; x_wconf 86' lang='lat' dir='ltr'><strong>contr.</strong></span> <span class='ocrx_word' id='word_1_308' title='bbox 1892 2607 1936 2655; x_wconf 88' lang='grc'><strong>2,</strong></span> <span class='ocrx_word' id='word_1_309' title='bbox 1965 2607 2003 2659; x_wconf 80' lang='lat'><strong>3,</strong></span> <span class='ocrx_word' id='word_1_310' title='bbox 2035 2607 2103 2647; x_wconf 87' lang='lat'><strong>19.</strong></span> 
     </span>
     <span class='ocr_line' id='line_1_34' title="bbox 382 2663 1658 2726; baseline 0.009 -22"><span class='ocrx_word' id='word_1_311' title='bbox 382 2663 552 2705; x_wconf 85' lang='lat' dir='ltr'><strong>Passim</strong></span> <span class='ocrx_word' id='word_1_312' title='bbox 582 2666 741 2708; x_wconf 84' lang='lat' dir='ltr'><strong>citatur</strong></span> <span class='ocrx_word' id='word_1_313' title='bbox 771 2682 798 2709; x_wconf 88' lang='lat' dir='ltr'><strong>a</strong></span> <span class='ocrx_word' id='word_1_314' title='bbox 830 2668 1003 2719; x_wconf 78' lang='lat' dir='ltr'><strong>Seneca,</strong></span> <span class='ocrx_word' id='word_1_315' title='bbox 1036 2670 1090 2723; x_wconf 81' lang='lat' dir='ltr'><strong>cf.</strong></span> <span class='ocrx_word' id='word_1_316' title='bbox 1121 2670 1208 2714; x_wconf 84' lang='lat' dir='ltr'><strong>ind.</strong></span> <span class='ocrx_word' id='word_1_317' title='bbox 1238 2671 1477 2726; x_wconf 72' lang='lat' dir='ltr'><strong>Kiesslinyi</strong></span> <span class='ocrx_word' id='word_1_318' title='bbox 1495 2687 1544 2726; x_wconf 91' lang='grc' dir='ltr'><strong>Ρ.</strong></span> <span class='ocrx_word' id='word_1_319' title='bbox 1565 2675 1658 2715; x_wconf 88' lang='grc'><strong>554.</strong></span> 
     </span>
    </p>
   </div>
   <div class='ocr_carea' id='block_1_10' title="bbox 298 2743 2102 2948">
    <p class='ocr_par' dir='ltr' id='par_1_13' title="bbox 298 2743 2102 2948">
     <span class='ocr_line' id='line_1_35' title="bbox 298 2743 2102 2808; baseline 0.007 -25"><span class='ocrx_word' id='word_1_320' title='bbox 298 2744 381 2784; x_wconf 85' lang='grc'><strong>250</strong></span> <span class='ocrx_word' id='word_1_321' title='bbox 410 2743 607 2785; x_wconf 86' lang='lat' dir='ltr'><strong>Triarius</strong></span> <span class='ocrx_word' id='word_1_322' title='bbox 637 2746 713 2799; x_wconf 82' lang='lat' dir='ltr'><strong>(sic</strong></span> <span class='ocrx_word' id='word_1_323' title='bbox 743 2748 1060 2800; x_wconf 67' lang='lat' dir='ltr'><strong>antiquissimus</strong></span> <span class='ocrx_word' id='word_1_324' title='bbox 1089 2749 1228 2799; x_wconf 77' lang='lat' dir='ltr'><strong>codex,</strong></span> <span class='ocrx_word' id='word_1_325' title='bbox 1266 2750 1481 2792; x_wconf 85' lang='lat' dir='ltr'><strong>Traianus</strong></span> <span class='ocrx_word' id='word_1_326' title='bbox 1511 2752 1791 2808; x_wconf 82' lang='lat' dir='ltr'><strong>recentiores),</strong></span> <span class='ocrx_word' id='word_1_327' title='bbox 1833 2766 1932 2796; x_wconf 91' lang='lat' dir='ltr'><strong>cum</strong></span> <span class='ocrx_word' id='word_1_328' title='bbox 1961 2751 2102 2795; x_wconf 85' lang='lat' dir='ltr'><strong>Plinio</strong></span> 
     </span>
     <span class='ocr_line' id='line_1_36' title="bbox 383 2811 2102 2897; baseline 0.008 -47"><span class='ocrx_word' id='word_1_329' title='bbox 383 2811 481 2864; x_wconf 89' lang='lat' dir='ltr'><strong>egit,</strong></span> <span class='ocrx_word' id='word_1_330' title='bbox 514 2818 562 2852; x_wconf 89' lang='lat' dir='ltr'><strong>ut</strong></span> <span class='ocrx_word' id='word_1_331' title='bbox 592 2827 762 2855; x_wconf 88' lang='lat' dir='ltr'><strong>causam</strong></span> <span class='ocrx_word' id='word_1_332' title='bbox 795 2814 985 2871; x_wconf 86' lang='lat' dir='ltr'><strong>aliquam</strong></span> <span class='ocrx_word' id='word_1_333' title='bbox 1018 2816 1073 2858; x_wconf 89' lang='lat' dir='ltr'><strong>ad</strong></span> <span class='ocrx_word' id='word_1_334' title='bbox 1103 2831 1148 2858; x_wconf 88' lang='lat' dir='ltr'><strong>se</strong></span> <span class='ocrx_word' id='word_1_335' title='bbox 1178 2818 1466 2873; x_wconf 89' lang='lat' dir='ltr'><strong>pertinentem</strong></span> <span class='ocrx_word' id='word_1_336' title='bbox 1493 2820 1733 2875; x_wconf 86' lang='lat' dir='ltr'><strong>susciperet</strong></span> <span class='ocrx_word' id='word_1_337' title='bbox 1751 2819 1867 2863; x_wconf 76' lang='lat' dir='ltr'><strong>Ptin.</strong></span> <span class='ocrx_word' id='word_1_338' title='bbox 1888 2834 1951 2875; x_wconf 77' lang='lat' dir='ltr'><strong>ep.</strong></span> <span class='ocrx_word' id='word_1_339' title='bbox 1963 2824 2011 2897; x_wconf 88' lang='grc'><strong>6,</strong></span> <span class='ocrx_word' id='word_1_340' title='bbox 2031 2823 2102 2869; x_wconf 80' lang='grc'><em>23.</em></span> 
     </span>
     <span class='ocr_line' id='line_1_37' title="bbox 311 2893 1248 2948; baseline 0.012 -20"><span class='ocrx_word' id='word_1_341' title='bbox 311 2913 368 2936; x_wconf 41' lang='grc'><strong>-,-</strong></span> <span class='ocrx_word' id='word_1_342' title='bbox 411 2896 690 2933; x_wconf 91' lang='lat' dir='ltr'><strong>POMPONIVS</strong></span> <span class='ocrx_word' id='word_1_343' title='bbox 725 2893 967 2948; x_wconf 77' lang='lat' dir='ltr'><strong>[EJRVCIVS</strong></span> <span class='ocrx_word' id='word_1_344' title='bbox 999 2902 1248 2939; x_wconf 89' lang='lat' dir='ltr'><strong>TRIARIVS.</strong></span> 
     </span>
    </p>
   </div>
   <div class='ocr_carea' id='block_1_11' title="bbox 299 2968 2100 3101">
    <p class='ocr_par' dir='ltr' id='par_1_14' title="bbox 299 2968 2100 3101">
     <span class='ocr_line' id='line_1_38' title="bbox 299 2968 2100 3035; baseline 0.008 -27"><span class='ocrx_word' id='word_1_345' title='bbox 299 2968 375 3010; x_wconf 88' lang='grc'><strong>251</strong></span> <span class='ocrx_word' id='word_1_346' title='bbox 413 2976 644 3011; x_wconf 83' lang='lat' dir='ltr'><strong>TRIARIVS</strong></span> <span class='ocrx_word' id='word_1_347' title='bbox 666 2972 969 3029; x_wconf 85' lang='lat' dir='ltr'><strong>MA[TERNVS]</strong></span> <span class='ocrx_word' id='word_1_348' title='bbox 992 2975 1230 3032; x_wconf 81' lang='lat' dir='ltr'><strong>(Ma[gnus]</strong></span> <span class='ocrx_word' id='word_1_349' title='bbox 1249 2976 1455 3031; x_wconf 76' lang='lat' dir='ltr'><strong>supplevit</strong></span> <span class='ocrx_word' id='word_1_350' title='bbox 1475 2977 1705 3033; x_wconf 84' lang='lat' dir='ltr'><strong>Huebner),</strong></span> <span class='ocrx_word' id='word_1_351' title='bbox 1738 2978 2001 3021; x_wconf 85' lang='lat' dir='ltr'><strong>clarissimus</strong></span> <span class='ocrx_word' id='word_1_352' title='bbox 2019 2979 2100 3035; x_wconf 84' lang='lat' dir='ltr'><strong>vir,</strong></span> 
     </span>
     <span class='ocr_line' id='line_1_39' title="bbox 382 3036 2100 3101; baseline 0.008 -24"><span class='ocrx_word' id='word_1_353' title='bbox 382 3036 548 3091; x_wconf 82' lang='lat' dir='ltr'><strong>legatus</strong></span> <span class='ocrx_word' id='word_1_354' title='bbox 570 3039 776 3082; x_wconf 88' lang='lat' dir='ltr'><strong>iuridicus</strong></span> <span class='ocrx_word' id='word_1_355' title='bbox 799 3041 1019 3090; x_wconf 82' lang='lat' dir='ltr'><strong>(Asturiae</strong></span> <span class='ocrx_word' id='word_1_356' title='bbox 1043 3050 1085 3085; x_wconf 88' lang='lat' dir='ltr'><strong>et</strong></span> <span class='ocrx_word' id='word_1_357' title='bbox 1111 3044 1373 3100; x_wconf 84' lang='lat' dir='ltr'><strong>Callaeciae)</strong></span> <span class='ocrx_word' id='word_1_358' title='bbox 1396 3048 1425 3088; x_wconf 83' lang='lat' dir='ltr'><strong>t.</strong></span> <span class='ocrx_word' id='word_1_359' title='bbox 1446 3045 1885 3101; x_wconf 76' lang='lat' dir='ltr'><strong>Bracarauyustanus</strong></span> <span class='ocrx_word' id='word_1_360' title='bbox 1903 3047 1966 3091; x_wconf 90' lang='lat' dir='ltr'><strong>II</strong></span> <span class='ocrx_word' id='word_1_361' title='bbox 1975 3049 2100 3091; x_wconf 81' lang='lat'><strong>2415.</strong></span> 
     </span>
    </p>
   </div>
   <div class='ocr_carea' id='block_1_12' title="bbox 300 3105 2099 3251">
    <p class='ocr_par' dir='ltr' id='par_1_15' title="bbox 300 3105 2099 3251">
     <span class='ocr_line' id='line_1_40' title="bbox 384 3105 796 3152; baseline 0.012 -6"><span class='ocrx_word' id='word_1_362' title='bbox 384 3105 569 3147; x_wconf 88' lang='lat' dir='ltr'><strong>Procula</strong></span> <span class='ocrx_word' id='word_1_363' title='bbox 600 3122 713 3150; x_wconf 86' lang='lat' dir='ltr'><strong>uxor</strong></span> <span class='ocrx_word' id='word_1_364' title='bbox 739 3109 796 3152; x_wconf 78' lang='lat' dir='ltr'><strong>ib.</strong></span> 
     </span>
     <span class='ocr_line' id='line_1_41' title="bbox 300 3184 2099 3251; baseline 0.009 -28"><span class='ocrx_word' id='word_1_365' title='bbox 300 3184 382 3224; x_wconf 83' lang='lat'><strong>252</strong></span> <span class='ocrx_word' id='word_1_366' title='bbox 413 3190 647 3227; x_wconf 74' lang='lat' dir='ltr'><strong>TRIARIVS</strong></span> <span class='ocrx_word' id='word_1_367' title='bbox 669 3193 943 3230; x_wconf 83' lang='lat' dir='ltr'><strong>MATERNVS</strong></span> <span class='ocrx_word' id='word_1_368' title='bbox 965 3197 1225 3235; x_wconf 80' lang='lat' dir='ltr'><strong>LAsclvlvs</strong></span> <span class='ocrx_word' id='word_1_369' title='bbox 1250 3200 1422 3236; x_wconf 82' lang='lat' dir='ltr'><strong>senator</strong></span> <span class='ocrx_word' id='word_1_370' title='bbox 1442 3193 1611 3249; x_wconf 86' lang='lat' dir='ltr'><strong>nobilis,</strong></span> <span class='ocrx_word' id='word_1_371' title='bbox 1645 3209 1757 3237; x_wconf 86' lang='lat' dir='ltr'><strong>anno</strong></span> <span class='ocrx_word' id='word_1_372' title='bbox 1782 3195 1863 3238; x_wconf 86' lang='lat'><strong>193</strong></span> <span class='ocrx_word' id='word_1_373' title='bbox 1882 3194 1924 3238; x_wconf 87' lang='lat' dir='ltr'><strong>d.</strong></span> <span class='ocrx_word' id='word_1_374' title='bbox 1945 3196 1972 3238; x_wconf 84' lang='lat'><strong>3</strong></span> <span class='ocrx_word' id='word_1_375' title='bbox 1992 3195 2086 3239; x_wconf 85' lang='lat' dir='ltr'><strong>Ian</strong></span> <span class='ocrx_word' id='word_1_376' title='bbox 2074 3227 2099 3251; x_wconf 87' lang='lat'><strong>.,</strong></span> 
     </span>
    </p>
   </div>
   <div class='ocr_carea' id='block_1_13' title="bbox 384 3252 2099 3378">
    <p class='ocr_par' dir='ltr' id='par_1_16' title="bbox 384 3252 2099 3369">
     <span class='ocr_line' id='line_1_42' title="bbox 384 3252 2099 3320; baseline 0.009 -29"><span class='ocrx_word' id='word_1_377' title='bbox 384 3265 481 3292; x_wconf 89' lang='lat' dir='ltr'><strong>cum</strong></span> <span class='ocrx_word' id='word_1_378' title='bbox 511 3252 667 3296; x_wconf 85' lang='lat' dir='ltr'><strong>milites</strong></span> <span class='ocrx_word' id='word_1_379' title='bbox 693 3256 994 3312; x_wconf 89' lang='lat' dir='ltr'><strong>imperatorem</strong></span> <span class='ocrx_word' id='word_1_380' title='bbox 1016 3273 1113 3301; x_wconf 91' lang='lat' dir='ltr'><strong>eum</strong></span> <span class='ocrx_word' id='word_1_381' title='bbox 1134 3266 1285 3303; x_wconf 90' lang='lat' dir='ltr'><strong>contra</strong></span> <span class='ocrx_word' id='word_1_382' title='bbox 1306 3262 1580 3305; x_wconf 87' lang='lat' dir='ltr'><strong>Pertinacem</strong></span> <span class='ocrx_word' id='word_1_383' title='bbox 1599 3262 1743 3305; x_wconf 87' lang='lat' dir='ltr'><strong>facere</strong></span> <span class='ocrx_word' id='word_1_384' title='bbox 1763 3262 1937 3320; x_wconf 87' lang='lat' dir='ltr'><strong>vellent,</strong></span> <span class='ocrx_word' id='word_1_385' title='bbox 1968 3277 2099 3319; x_wconf 83' lang='lat' dir='ltr'><strong>aegre</strong></span> 
     </span>
     <span class='ocr_line' id='line_1_43' title="bbox 384 3320 1142 3378; baseline 0.015 -20"><span class='ocrx_word' id='word_1_386' title='bbox 384 3333 429 3359; x_wconf 82' lang='lat' dir='ltr'><strong>se</strong></span> <span class='ocrx_word' id='word_1_387' title='bbox 459 3320 510 3360; x_wconf 89' lang='lat' dir='ltr'><strong>iis</strong></span> <span class='ocrx_word' id='word_1_388' title='bbox 541 3320 756 3365; x_wconf 85' lang='lat' dir='ltr'><strong>subtraxit</strong></span> <span class='ocrx_word' id='word_1_389' title='bbox 784 3325 857 3366; x_wconf 82' lang='lat' dir='ltr'><strong>vit.</strong></span> <span class='ocrx_word' id='word_1_390' title='bbox 888 3324 1002 3368; x_wconf 86' lang='lat' dir='ltr'><strong>Pert.</strong></span> <span class='ocrx_word' id='word_1_391' title='bbox 1035 3330 1071 3378; x_wconf 88' lang='lat'><strong>6,</strong></span> <span class='ocrx_word' id='word_1_392' title='bbox 1103 3331 1142 3372; x_wconf 88' lang='lat'><strong>4.</strong></span> 
     </span>
    </p>
   </div>
   <div class='ocr_carea' id='block_1_14' title="bbox 2214 2511 2242 3126">
    <p class='ocr_par' dir='ltr' id='par_1_17' title="bbox 2214 2511 2242 3126">
     <span class='ocr_line' id='line_1_44' title="bbox 2214 2511 2242 3126; baseline 0 546"><span class='ocrx_word' id='word_1_393' title='bbox 2214 2511 2242 3126; x_wconf 95' lang='lat' dir='ltr'><strong> </strong></span> 
     </span>
    </p>
   </div>
   <div class='ocr_carea' id='block_1_15' title="bbox 2206 3138 2242 3481">
    <p class='ocr_par' dir='ltr' id='par_1_18' title="bbox 2206 3138 2242 3481">
     <span class='ocr_line' id='line_1_45' title="bbox 2206 3138 2242 3481; baseline 0 191"><span class='ocrx_word' id='word_1_394' title='bbox 2206 3138 2242 3481; x_wconf 95' lang='lat' dir='ltr'><strong> </strong></span> 
     </span>
    </p>
   </div>
  </div>
 </body>
</html>
