2242 3672
174 256 382 293 SEXTIVS
1045 249 1128 293 237
1242 280 1248 309 3
1785 253 1993 290 SEXTIVS

262 387 437 432 Calvino
467 389 632 431 consule
663 403 702 431 a.
724 403 766 431 u.
789 402 822 431 c.
846 391 939 438 630,
972 391 1011 430 et
1038 388 1165 430 buius
1195 387 1286 443 filio
1319 386 1361 432 C.
1395 387 1543 431 Sextio
1575 386 1762 439 Calvino,
1790 390 1864 443 qui
1889 390 1996 433 vioeit

262 458 516 512 temporibus
538 457 733 501 Sullanis
751 456 853 513 (Cic.
876 457 1001 499 Brut.
1023 460 1090 508 34,
1113 460 1196 500 130
1227 458 1282 511 cf.
1305 456 1354 500 ole
1376 459 1484 499 orat.
1505 460 1550 508 2,
1573 460 1638 508 60,
1659 460 1757 500 246.
1789 461 1855 509 61,
1876 462 1994 516 249).

173 527 255 570 467
289 527 535 580 (SEXTIVS)
568 533 922 569 CORNELIANVS
966 526 1017 569 T.
1049 526 1189 569 Sextii
1219 526 1400 569 Veriani
1440 525 1577 580 filius,
1615 525 1882 571 clarissimus
1925 530 1995 571 vir

210 617 212 619 -
261 595 452 651 cons(ul)
480 599 508 640 t.
539 597 586 638 in
615 597 784 650 reqione
816 594 1000 639 Clusina
1028 610 1117 651 rep.
1146 596 1228 638 XI
1248 599 1377 639 2600.

173 665 257 708 468
288 671 332 707 Τ.
374 671 582 707 SEXTIVS
623 671 926 707 LATERANVS
969 679 1053 710 cos.
1097 680 1135 709 a.
1170 666 1252 707 154
1294 665 1492 719 (Sextius
1525 665 1766 709 Lateranus
1802 666 1926 710 VIII
1948 667 1993 711 S.

258 737 419 785 11799,·
446 735 493 776 in
523 733 744 776 consulatu
776 734 912 776 tribus
941 734 1184 776 nominibus
1215 733 1337 778 GIG.
1366 737 1480 777 5888
1509 754 1565 769 =
1595 735 1731 779 Inscr.
1762 735 1840 779 Gr.
1873 736 1993 780 Sicil.

260 803 363 846 Ital.
397 805 523 853 1052,
565 801 766 845 Sestilius
797 803 1041 845 Lateranus
1071 804 1142 847 vit.
1177 802 1278 846 Veri
1303 806 1342 854 3,
1375 806 1414 857 3,
1446 806 1678 858 praeterea
1715 804 1993 860 Lateranus).

263 872 405 926 Nepos
435 872 619 925 fortasse
646 871 689 914 Τ.
712 871 850 914 Sextii
871 871 1019 926 Mayii
1043 872 1256 915 Laterani
1285 872 1424 927 (infra
1453 886 1493 916 n.
1519 875 1622 929 472)
1654 873 1837 916 consulis
1868 888 1908 916 a.
1929 877 1996 917 94.

261 940 424 984 Consul
465 940 709 983 ordinarius
751 956 789 983 a.
825 942 907 983 154
947 955 1048 982 cum
1079 941 1130 984 L.
1161 940 1287 984 Aelio
1320 941 1500 984 Aurelio
1533 941 1770 985 Commodo
1801 943 1911 996 fasti
1940 944 1994 997 cf.

260 1011 331 1053 vit.
354 1009 454 1052 Veri
465 1013 505 1061 3,
521 1013 562 1052 3.
589 1009 827 1052 Proconsul
844 1009 1022 1052 Africae
1039 1025 1076 1052 a.
1093 1010 1175 1052 170
1193 1013 1219 1054 t.
1233 1010 1558 1053 Mactaritanus
1579 1010 1703 1054 VIII
1716 1011 1761 1055 S.
1780 1014 1928 1055 11799.
1942 1036 1993 1041 -

259 1079 465 1122 Fortasse
485 1078 611 1121 huius
631 1078 681 1122 Τ.
703 1078 842 1121 Sextii
863 1078 1069 1121 Laterani
1092 1078 1250 1121 vilicus
1273 1079 1342 1122 VI
1354 1082 1478 1122 9987.
1512 1080 1614 1122 Non
1633 1080 1759 1123 huius
1780 1081 1845 1136 (ut
1870 1084 1997 1123 antea

258 1141 515 1203 putabatur)
556 1147 777 1203 Athe[nio]
820 1181 830 1190 .
849 1181 858 1190 .
879 1181 887 1190 .
908 1181 917 1190 .
939 1149 999 1190 nii
1041 1148 1248 1190 Laterani
1288 1147 1473 1191 libertus
1514 1155 1557 1191 et
1597 1156 1851 1205 procurator
1890 1150 1938 1192 in
1968 1153 1995 1192 t.

258 1218 365 1260 anni
391 1219 482 1272 156,
515 1217 596 1259 IX
622 1220 745 1260 3375.
780 1241 833 1247 —
864 1216 1000 1259 Pater
1029 1218 1118 1260 eius
1148 1218 1221 1271 qui
1249 1218 1450 1271 sequitur.

173 1287 257 1330 469
284 1293 327 1329 Τ.
342 1292 550 1328 SEXTIVS
567 1292 869 1328 LATERANVS
887 1301 970 1328 cos,
986 1302 1024 1329 a.
1039 1286 1120 1329 197
1134 1287 1240 1339 (tria
1255 1287 1430 1329 nomina
1446 1287 1491 1329 in
1502 1287 1724 1330 consulatu
1744 1287 1866 1331 VIII
1871 1290 1994 1339 8937,

262 1355 403 1400 Wizm.
434 1358 535 1406 122,
566 1355 815 1410 plerumque
854 1356 1129 1411 Lateranus).
1190 1355 1336 1398 Filius
1365 1357 1456 1398 sine
1487 1356 1614 1399 dubio
1645 1358 1734 1399 eius
1767 1358 1841 1411 qui
1866 1372 1997 1412 prae-

260 1424 381 1468 cedit.
460 1425 568 1466 Dux
614 1424 764 1468 Severi
811 1425 1088 1482 expeditione
1135 1416 1476 1481 Mesopotamica
1519 1441 1556 1469 a.
1601 1426 1682 1469 195
1726 1426 1815 1469 Dio
1853 1429 1916 1477 75,
1953 1431 1997 1471 2.

261 1493 425 1536 Consul
469 1493 714 1536 ordinarius
758 1508 796 1537 a.
841 1494 922 1536 197
969 1508 1069 1536 cum
1114 1492 1163 1536 O.
1206 1493 1367 1550 Cuspio
1408 1494 1567 1537 Rufino
1611 1495 1728 1548 fasti.
1799 1495 1999 1550 (Propter

260 1563 429 1605 titulum
460 1562 805 1605 Mactaritanum
835 1563 948 1617 Eph.
980 1577 1042 1617 ep.
1068 1565 1107 1613 5,
1130 1565 1220 1606 277
1248 1583 1303 1598 =
1334 1562 1458 1605 VIII
1480 1562 1523 1607 S.
1556 1566 1691 1606 11799
1723 1564 1905 1607 creditus
1936 1569 1996 1608 est

261 1646 289 1674 a
316 1631 532 1674 nonnullis
561 1632 693 1686 fuisse
715 1632 950 1687 proconsul
972 1631 1154 1686 Africae
1186 1646 1298 1675 anno
1328 1636 1438 1684 2Ο4;
1467 1632 1542 1675 secl
1570 1633 1608 1675 is
1638 1633 1787 1676 titulus
1808 1634 1996 1688 pertinet

261 1701 320 1744 ad
354 1715 446 1744 eum
476 1702 551 1755 qui
579 1700 831 1756 praec-edio.
887 1701 975 1744 Hic
1003 1702 1153 1756 potius
1181 1716 1308 1756 quam
1337 1702 1375 1744 is
1405 1702 1479 1756 qui
1508 1702 1742 1757 praecedit,
1775 1703 1840 1745 vel
1870 1717 1995 1757 quam

266 1770 312 1813 Τ.
345 1770 518 1814 Sextius
549 1771 729 1826 Mayius
759 1771 1003 1814 Lateranus
1033 1770 1179 1814 consul
1210 1786 1248 1814 a.
1282 1774 1347 1822 94,
1381 1771 1596 1826 Sex(tius)
1623 1772 1878 1826 Lateranus,
1908 1786 1997 1814 una

261 1854 359 1882 cum
401 1839 578 1896 Aquilio
622 1839 762 1883 Orfito
804 1840 930 1883 heres
972 1839 1183 1884 Claudiae
1223 1840 1454 1883 Bacchidis
1500 1840 1764 1884 clarissimae
1807 1840 1996 1883 feminae

268 1908 335 1951 VI
347 1911 455 1951 1378
477 1923 570 1951 cum
595 1913 697 1952 nota
718 1909 922 1953 Heneemss.
969 1909 1150 1952 Amicus
1174 1909 1373 1966 Septimii
1396 1910 1546 1953 Severi
1579 1917 1623 1953 et
1652 1909 1706 1952 ab
1739 1925 1788 1952 eo
1821 1909 1993 1964 ditatus,

263 1977 459 2020 ‘aedibus
505 1993 678 2035 quoquc
721 2012 871 2023 ......
914 1993 1026 2036 quae
1071 1978 1278 2021 dicuntur
1317 1979 1541 2021 Laterani'
1588 1979 1692 2023 Vict.
1724 1980 1822 2033 epit.
1854 1982 1924 2030 20,
1956 1983 1993 2022 6.

262 2046 425 2101 (Aedes
454 2047 662 2090 Laterani
693 2049 738 2090 in
769 2055 913 2091 monte
945 2047 1092 2091 Caelio
1131 2054 1426 2090 memorantur
1456 2049 1586 2090 etiam
1614 2049 1685 2092 vit.
1720 2048 1871 2090 Marci
1899 2051 1937 2099 1,
1972 2052 2000 2090 7

263 2116 318 2170 cf.
352 2119 391 2167 1,
422 2119 460 2167 5,
495 2117 668 2159 domum
700 2119 823 2160 iuxta
854 2133 926 2160 eas
956 2116 1110 2160 habuit
1139 2117 1198 2159 M.
1231 2117 1402 2160 Annius
1430 2117 1574 2160 Verus
1605 2133 1712 2160 avus
1743 2117 1803 2159 M.
1830 2117 1997 2159 Aurelii

261 2185 318 2227 ib.
348 2188 387 2236 1,
416 2189 454 2236 7,
499 2186 574 2228 sed
611 2187 688 2229 ubi
725 2188 909 2241 fortasse
949 2187 1248 2241 siqnificantur
1288 2186 1411 2229 aedes
1443 2186 1543 2229 olim
1574 2186 1746 2229 Plautii
1775 2187 1997 2237 Laterani,

259 2267 393 2309 supra
414 2254 458 2296 P
474 2255 588 2309 354).
629 2255 834 2298 Fortasse
855 2255 982 2298 huius
1002 2255 1149 2310 fistula
1169 2270 1256 2309 rep.
1279 2255 1444 2297 Romae
1467 2256 1513 2297 in
1532 2259 1670 2298 monte
1693 2255 1839 2298 Caelio
1862 2270 1999 2310 prope

262 2323 484 2366 basilicam
519 2325 851 2367 Lateranensem
889 2325 1098 2379 inscripta
1139 2324 1278 2367 Sextii
1320 2323 1549 2379 Laterani,
1589 2324 1715 2367 huius
1756 2328 1796 2366 et
1843 2325 1998 2378 fratris

256 2395 486 2446 praeterea
505 2394 642 2448 iynoti
663 2394 803 2436 altera
832 2394 979 2449 fistula
1004 2393 1159 2436 ibidem
1185 2396 1366 2447 reperta,
1388 2394 1595 2447 inscripta
1618 2394 1868 2436 Sextiorum
1889 2394 1993 2436 Tor-

261 2463 383 2517 quati
424 2469 466 2504 et
505 2463 710 2505 Laterani
740 2463 957 2505 Lanciani
984 2462 1076 2517 syll.
1110 2477 1175 2516 aq.
1206 2477 1248 2504 n.
1271 2465 1335 2506 14.
1363 2464 1415 2505 15
1434 2482 1490 2497 =
1511 2462 1736 2504 Stevcnson
1767 2476 1866 2504 ann.
1897 2463 1994 2504 inst.

260 2530 376 2572 arch.
410 2533 524 2573 1877
542 2547 590 2586 p.
610 2535 692 2575 363
727 2531 859 2587 (hanc
884 2531 1109 2575 Stevenson
1131 2531 1156 2574 l.
1179 2545 1211 2574 c.
1236 2546 1284 2585 p.
1305 2534 1386 2574 364
1414 2531 1579 2573 iudicat
1618 2531 1868 2585 inscriptam
1899 2534 1995 2572 tem-

256 2600 438 2653 poribus
470 2600 670 2655 Septimii
699 2601 857 2651 Severi,
889 2600 1014 2643 illam
1043 2602 1226 2654 fortasse
1256 2600 1537 2654 antiquiorem
1567 2602 1683 2656 esse).

173 2667 258 2710 470
286 2675 326 2710 P.
368 2676 579 2712 SEXTIVS
620 2676 849 2712 LIPPINVS
891 2675 1279 2720 TARQVITIANVS.
1357 2669 1402 2711 T.
1442 2669 1635 2711 urbanus
1674 2668 1742 2711 VI
1771 2671 1883 2711 1524
1923 2668 1994 2723 (1),

263 2737 589 2781 Samothracius
629 2739 718 2781 III
742 2742 824 2781 717
853 2741 927 2794 (2).
1000 2738 1165 2781 Nomen
1195 2737 1372 2792 plenum
1409 2738 1592 2780 servavit
1631 2741 1660 2780 t.
1690 2741 1742 2788 2,
1905 2738 1995 2780 ‚ius

262 2805 606 2863 [T]arquitianus
647 2811 674 2852 t.
706 2811 744 2850 1.
805 2808 853 2850 Ρ.
894 2807 925 2850 f.
964 2810 991 2849 t.
1023 2811 1062 2849 1.
1120 2806 1259 2849 Tribu
1300 2806 1405 2862 Ser..
1435 2809 1532 2850 t.-1.
1594 2805 1869 2860 Propinquus
1907 2806 1997 2847 sinc

262 2874 390 2917 (lubio
430 2876 570 2918 Sextii
614 2876 899 2930 Tarquitiani,
941 2877 1061 2930 infra
1096 2890 1135 2917 n.
1157 2878 1252 2919 477.
1316 2875 1567 2930 [Decemvir
1607 2874 1726 2930 stlit.]
1767 2874 1854 2919 iud.
1898 2878 1925 2917 t.
1958 2878 1994 2917 1.

264 2942 482 2996 Quaestor
510 2945 794 2988 Macedoniae
825 2949 853 2988 t.
884 2949 927 2995 2,
959 2951 1164 3002 quaestor
1194 2959 1271 3000 pro
1304 2959 1367 2999 pr.
1403 2977 1411 2986 .
1431 2977 1440 2986 .
1460 2977 1469 2986 .
1490 2977 1499 2986 .
1531 2946 1557 2988 t.
1591 2947 1630 2994 1,
1667 2959 1704 2986 a.
1738 2958 1777 2999 p.
1811 2943 1915 2987 Chr.
1945 2945 1996 2986 14

262 3015 289 3055 t.
318 3017 360 3056 2.
421 3012 633 3069 [Legatus
644 3014 682 3069 P]
714 3013 913 3057 Caesaris
944 3014 1129 3068 Augusti
1163 3016 1192 3055 t.
1223 3016 1260 3055 1.

176 3079 253 3122 471
289 3087 332 3123 Τ.
352 3088 562 3125 SEXTIVS
583 3083 818 3138 MAG1[vs]‚
947 3083 997 3126 T.
1016 3081 1226 3124 SextiiM.
1244 3080 1364 3123 Vibii
1381 3080 1476 3124 Ove
1496 3080 1781 3124 ....Seeundi
1803 3081 1994 3124 Luc....

263 3151 431 3192 Vestini
464 3151 615 3206 (supra
644 3167 686 3194 n.
716 3152 813 3206 463)
854 3151 968 3193 filius
1005 3150 1073 3193 VI
1095 3153 1213 3194 1518.
1275 3150 1407 3192 Pater
1437 3164 1528 3191 cum
1550 3152 1731 3204 praetor
1756 3151 1888 3204 fuerit
1915 3150 1993 3193 sub

262 3219 370 3262 clivis
399 3220 628 3273 fratribus,
661 3221 710 3263 de
741 3221 875 3275 ipsius
903 3234 1062 3273 quoque
1093 3222 1276 3273 tempore
1306 3221 1483 3260 constat.
1546 3218 1620 3261 Em
1646 3219 1833 3272 posteris
1863 3219 1996 3273 fuisse

267 3288 312 3330 T.
333 3288 471 3331 Sextii·
495 3289 645 3344 Mayii
667 3290 879 3332 Laterani
909 3289 981 3342 qui
1006 3288 1196 3342 sequitur
1215 3287 1443 3342 probabile
1474 3290 1545 3331 est.
1606 3286 1838 3330 Praeterea
1867 3288 1996 3330 etiam

263 3357 431 3400 Sextios
460 3357 700 3411 Africanos
729 3358 861 3412 fuisse
890 3358 1001 3399 inter
1029 3357 1212 3399 maiores
1242 3356 1331 3399 eius
1361 3358 1536 3406 constat,
1569 3356 1624 3409 cf.
1646 3356 1722 3399 sub
1740 3358 1870 3410 patre
1891 3356 1991 3400 eius.
