<?xml version="1.0" encoding="UTF-8"?>
<!DOCTYPE html PUBLIC "-//W3C//DTD XHTML 1.0 Transitional//EN"
    "http://www.w3.org/TR/xhtml1/DTD/xhtml1-transitional.dtd">
<html xmlns="http://www.w3.org/1999/xhtml" xml:lang="en" lang="en">
 <head>
  <title>
</title>
<meta http-equiv="Content-Type" content="text/html;charset=utf-8" />
  <meta name='ocr-system' content='tesseract 3.04.00' />
  <meta name='ocr-capabilities' content='ocr_page ocr_carea ocr_par ocr_line ocrx_word'/>
</head>
<body>
  <div class='ocr_page' id='page_1' title='image "./prosopographiaim03akaduoft_0396.png"; bbox 0 0 2242 3672; ppageno 0'>
   <div class='ocr_carea' id='block_1_1' title="bbox 310 248 2120 302">
    <p class='ocr_par' dir='ltr' id='par_1_1' title="bbox 310 234 2232 312">
     <span class='ocr_line' id='line_1_1' title="bbox 310 248 2120 302; baseline -0.003 -6"><span class='ocrx_word' id='word_1_1' title='bbox 310 260 578 297; x_wconf 85' lang='lat' dir='ltr'>VARDANES</span> <span class='ocrx_word' id='word_1_2' title='bbox 1169 250 1255 293; x_wconf 85' lang='lat'>384</span> <span class='ocrx_word' id='word_1_3' title='bbox 1291 273 1294 275; x_wconf 92' lang='lat'>-</span> <span class='ocrx_word' id='word_1_4' title='bbox 1829 248 2120 302; x_wconf 71' lang='lat' dir='ltr'>vAmsmw‘s</span> 
     </span>
    </p>
   </div>
   <div class='ocr_carea' id='block_1_2' title="bbox 313 328 475 332">
    <p class='ocr_par' dir='ltr' id='par_1_2' title="bbox 313 328 475 332">
     <span class='ocr_line' id='line_1_2' title="bbox 313 328 475 332; baseline 0 0"><span class='ocrx_word' id='word_1_5' title='bbox 313 328 475 332; x_wconf 95' lang='lat' dir='ltr'> </span> 
     </span>
    </p>
   </div>
   <div class='ocr_carea' id='block_1_3' title="bbox 394 379 2120 443">
    <p class='ocr_par' dir='ltr' id='par_1_3' title="bbox 394 379 2120 443">
     <span class='ocr_line' id='line_1_3' title="bbox 394 379 2120 443; baseline -0.005 -7"><span class='ocrx_word' id='word_1_6' title='bbox 394 396 463 443; x_wconf 83' lang='lat'>23,</span> <span class='ocrx_word' id='word_1_7' title='bbox 500 396 537 442; x_wconf 85' lang='lat'>6,</span> <span class='ocrx_word' id='word_1_8' title='bbox 570 394 629 434; x_wconf 86' lang='lat'>23</span> <span class='ocrx_word' id='word_1_9' title='bbox 666 390 804 431; x_wconf 74' lang='lat' dir='ltr'>minus</span> <span class='ocrx_word' id='word_1_10' title='bbox 846 390 955 430; x_wconf 80' lang='lat' dir='ltr'>recte</span> <span class='ocrx_word' id='word_1_11' title='bbox 998 390 1047 428; x_wconf 78' lang='lat' dir='ltr'>ut</span> <span class='ocrx_word' id='word_1_12' title='bbox 1086 379 1277 438; x_wconf 61' lang='lat' dir='ltr'>videtum</span> <span class='ocrx_word' id='word_1_13' title='bbox 1315 388 1458 441; x_wconf 77' lang='lat' dir='ltr'>potest</span> <span class='ocrx_word' id='word_1_14' title='bbox 1497 384 1806 440; x_wconf 51' lang='lat' dir='ltr'>Ctesiphontem</span> <span class='ocrx_word' id='word_1_15' title='bbox 1832 380 2020 429; x_wconf 65' lang='lat' dir='ltr'>&#39;auxisse</span> <span class='ocrx_word' id='word_1_16' title='bbox 2054 384 2120 429; x_wconf 84' lang='lat' dir='ltr'>vel</span> 
     </span>
    </p>
   </div>
   <div class='ocr_carea' id='block_1_4' title="bbox 389 453 2240 920">
    <p class='ocr_par' dir='ltr' id='par_1_4' title="bbox 389 444 2240 924">
     <span class='ocr_line' id='line_1_4' title="bbox 397 453 2119 516; baseline -0.004 -14"><span class='ocrx_word' id='word_1_17' title='bbox 397 459 634 516; x_wconf 63' lang='lat' dir='ltr'>privilegiis</span> <span class='ocrx_word' id='word_1_18' title='bbox 667 458 852 511; x_wconf 75' lang='lat' dir='ltr'><em>ditasse).</em></span> <span class='ocrx_word' id='word_1_19' title='bbox 913 455 1037 497; x_wconf 86' lang='lat' dir='ltr'>Aliae</span> <span class='ocrx_word' id='word_1_20' title='bbox 1067 469 1136 496; x_wconf 86' lang='lat' dir='ltr'>res</span> <span class='ocrx_word' id='word_1_21' title='bbox 1171 454 1226 497; x_wconf 92' lang='lat' dir='ltr'>ab</span> <span class='ocrx_word' id='word_1_22' title='bbox 1257 469 1306 496; x_wconf 92' lang='lat' dir='ltr'>eo</span> <span class='ocrx_word' id='word_1_23' title='bbox 1346 461 1494 509; x_wconf 80' lang='lat' dir='ltr'>gestae</span> <span class='ocrx_word' id='word_1_24' title='bbox 1529 454 1628 497; x_wconf 79' lang='lat' dir='ltr'>Tac.</span> <span class='ocrx_word' id='word_1_25' title='bbox 1660 468 1699 498; x_wconf 87' lang='lat' dir='ltr'>a.</span> <span class='ocrx_word' id='word_1_26' title='bbox 1731 457 1796 505; x_wconf 90' lang='lat'>11,</span> <span class='ocrx_word' id='word_1_27' title='bbox 1828 457 1892 497; x_wconf 88' lang='lat'>10.</span> <span class='ocrx_word' id='word_1_28' title='bbox 1958 453 1999 497; x_wconf 89' lang='lat' dir='ltr'><strong>A</strong></span> <span class='ocrx_word' id='word_1_29' title='bbox 2029 454 2119 497; x_wconf 79' lang='lat' dir='ltr'>suis</span> 
     </span>
     <span class='ocr_line' id='line_1_5' title="bbox 395 521 2186 585; baseline -0.004 -15"><span class='ocrx_word' id='word_1_30' title='bbox 395 528 643 570; x_wconf 89' lang='lat' dir='ltr'>interfectus</span> <span class='ocrx_word' id='word_1_31' title='bbox 668 524 833 579; x_wconf 74' lang='lat' dir='ltr'>Ioseph.</span> <span class='ocrx_word' id='word_1_32' title='bbox 860 523 886 567; x_wconf 79' lang='lat' dir='ltr'><em>l.</em></span> <span class='ocrx_word' id='word_1_33' title='bbox 913 537 960 577; x_wconf 76' lang='grc'>0.,</span> <span class='ocrx_word' id='word_1_34' title='bbox 999 523 1097 565; x_wconf 83' lang='lat' dir='ltr'>Tae.</span> <span class='ocrx_word' id='word_1_35' title='bbox 1120 522 1146 566; x_wconf 82' lang='lat' dir='ltr'>l.</span> <span class='ocrx_word' id='word_1_36' title='bbox 1171 536 1218 571; x_wconf 74' lang='lat' dir='ltr'>e„</span> <span class='ocrx_word' id='word_1_37' title='bbox 1245 523 1444 579; x_wconf 85' lang='lat' dir='ltr'>‘primam</span> <span class='ocrx_word' id='word_1_38' title='bbox 1472 523 1588 565; x_wconf 88' lang='lat' dir='ltr'>intra</span> <span class='ocrx_word' id='word_1_39' title='bbox 1617 523 1853 578; x_wconf 88' lang='lat' dir='ltr'>iuventam,</span> <span class='ocrx_word' id='word_1_40' title='bbox 1886 522 1961 565; x_wconf 86' lang='lat' dir='ltr'>sed</span> <span class='ocrx_word' id='word_1_41' title='bbox 1995 521 2120 565; x_wconf 84' lang='lat' dir='ltr'>clari·</span> <span class='ocrx_word' id='word_1_42' title='bbox 2177 538 2186 585; x_wconf 44' lang='lat' dir='ltr'>s</span> 
     </span>
     <span class='ocr_line' id='line_1_6' title="bbox 395 589 2238 649; baseline -0.004 -12"><span class='ocrx_word' id='word_1_43' title='bbox 395 596 543 638; x_wconf 85' lang='lat' dir='ltr'>tudine</span> <span class='ocrx_word' id='word_1_44' title='bbox 572 607 731 649; x_wconf 87' lang='lat' dir='ltr'>paucos</span> <span class='ocrx_word' id='word_1_45' title='bbox 763 593 875 633; x_wconf 90' lang='lat' dir='ltr'>inter</span> <span class='ocrx_word' id='word_1_46' title='bbox 905 605 1028 632; x_wconf 90' lang='lat' dir='ltr'>senes</span> <span class='ocrx_word' id='word_1_47' title='bbox 1055 597 1221 645; x_wconf 86' lang='lat' dir='ltr'>regum&#39;</span> <span class='ocrx_word' id='word_1_48' title='bbox 1251 591 1349 633; x_wconf 82' lang='lat' dir='ltr'>Tae.</span> <span class='ocrx_word' id='word_1_49' title='bbox 1373 590 1549 645; x_wconf 86' lang='lat' dir='ltr'>(famam</span> <span class='ocrx_word' id='word_1_50' title='bbox 1570 605 1718 632; x_wconf 85' lang='lat' dir='ltr'>rerum</span> <span class='ocrx_word' id='word_1_51' title='bbox 1737 596 1958 646; x_wconf 85' lang='lat' dir='ltr'>gestarum</span> <span class='ocrx_word' id='word_1_52' title='bbox 1980 590 2121 645; x_wconf 80' lang='lat' dir='ltr'>tangit</span> <span class='ocrx_word' id='word_1_53' title='bbox 2184 589 2238 646; x_wconf 53' lang='grc' dir='ltr'>,[ζ,7</span> 
     </span>
     <span class='ocr_line' id='line_1_7' title="bbox 395 658 2240 717; baseline -0.003 -12"><span class='ocrx_word' id='word_1_54' title='bbox 395 664 521 705; x_wconf 81' lang='lat' dir='ltr'>etiam</span> <span class='ocrx_word' id='word_1_55' title='bbox 544 661 831 704; x_wconf 68' lang='lat' dir='ltr'><em>Philostratus</em></span> <span class='ocrx_word' id='word_1_56' title='bbox 861 659 888 702; x_wconf 82' lang='lat' dir='ltr'><em>l.</em></span> <span class='ocrx_word' id='word_1_57' title='bbox 920 659 987 709; x_wconf 68' lang='grc'><em>6.).</em></span> <span class='ocrx_word' id='word_1_58' title='bbox 1039 658 1258 702; x_wconf 82' lang='lat' dir='ltr'><strong>Successit</strong></span> <span class='ocrx_word' id='word_1_59' title='bbox 1288 660 1327 701; x_wconf 89' lang='lat' dir='ltr'>ei</span> <span class='ocrx_word' id='word_1_60' title='bbox 1359 660 1569 704; x_wconf 81' lang='lat' dir='ltr'>Gotarzes</span> <span class='ocrx_word' id='word_1_61' title='bbox 1597 658 1694 701; x_wconf 83' lang='lat' dir='ltr'>Tae.</span> <span class='ocrx_word' id='word_1_62' title='bbox 1718 658 1744 702; x_wconf 84' lang='lat' dir='ltr'>l.</span> <span class='ocrx_word' id='word_1_63' title='bbox 1768 673 1816 711; x_wconf 84' lang='lat' dir='ltr'>c.‚</span> <span class='ocrx_word' id='word_1_64' title='bbox 1846 658 2013 714; x_wconf 78' lang='lat' dir='ltr'>Ioseph.</span> <span class='ocrx_word' id='word_1_65' title='bbox 2035 659 2061 704; x_wconf 85' lang='lat' dir='ltr'><em>l.</em></span> <span class='ocrx_word' id='word_1_66' title='bbox 2083 671 2118 701; x_wconf 84' lang='lat' dir='ltr'>e.</span> <span class='ocrx_word' id='word_1_67' title='bbox 2183 662 2240 717; x_wconf 49' lang='lat'>12}</span> 
     </span>
     <span class='ocr_line' id='line_1_8' title="bbox 394 726 2188 787; baseline -0.004 -12"><span class='ocrx_word' id='word_1_68' title='bbox 394 732 567 775; x_wconf 67' lang='lat' dir='ltr'>Videtur</span> <span class='ocrx_word' id='word_1_69' title='bbox 607 730 764 772; x_wconf 69' lang='lat' dir='ltr'>occisus</span> <span class='ocrx_word' id='word_1_70' title='bbox 805 743 844 771; x_wconf 87' lang='lat' dir='ltr'>a.</span> <span class='ocrx_word' id='word_1_71' title='bbox 874 731 927 771; x_wconf 81' lang='lat'>45</span> <span class='ocrx_word' id='word_1_72' title='bbox 939 761 949 779; x_wconf 92' lang='lat'>,</span> <span class='ocrx_word' id='word_1_73' title='bbox 989 728 1029 770; x_wconf 79' lang='lat' dir='ltr'>si</span> <span class='ocrx_word' id='word_1_74' title='bbox 1065 728 1232 782; x_wconf 76' lang='lat' dir='ltr'>quidem</span> <span class='ocrx_word' id='word_1_75' title='bbox 1269 741 1400 782; x_wconf 77' lang='lat' dir='ltr'>usque</span> <span class='ocrx_word' id='word_1_76' title='bbox 1439 727 1498 770; x_wconf 84' lang='lat' dir='ltr'>ad</span> <span class='ocrx_word' id='word_1_77' title='bbox 1534 727 1644 770; x_wconf 73' lang='lat' dir='ltr'>hune</span> <span class='ocrx_word' id='word_1_78' title='bbox 1689 742 1848 770; x_wconf 76' lang='lat' dir='ltr'>omnum</span> <span class='ocrx_word' id='word_1_79' title='bbox 1883 726 2121 783; x_wconf 78' lang='lat' dir='ltr'>procedant</span> <span class='ocrx_word' id='word_1_80' title='bbox 2168 730 2188 787; x_wconf 47' lang='lat' dir='ltr'>[s</span> 
     </span>
     <span class='ocr_line' id='line_1_9' title="bbox 389 794 2120 851; baseline -0.002 -11"><span class='ocrx_word' id='word_1_81' title='bbox 389 799 549 842; x_wconf 76' lang='lat' dir='ltr'>nummi</span> <span class='ocrx_word' id='word_1_82' title='bbox 588 799 689 840; x_wconf 68' lang='lat' dir='ltr'>eius.</span> <span class='ocrx_word' id='word_1_83' title='bbox 723 822 776 827; x_wconf 91' lang='lat'><strong>—</strong></span> <span class='ocrx_word' id='word_1_84' title='bbox 816 797 972 839; x_wconf 81' lang='lat' dir='ltr'><strong>Frater</strong></span> <span class='ocrx_word' id='word_1_85' title='bbox 1013 797 1104 838; x_wconf 91' lang='lat' dir='ltr'>eius</span> <span class='ocrx_word' id='word_1_86' title='bbox 1141 796 1394 851; x_wconf 83' lang='lat' dir='ltr'>Megabates</span> <span class='ocrx_word' id='word_1_87' title='bbox 1423 796 1629 839; x_wconf 71' lang='lat' dir='ltr'>Philostr.</span> <span class='ocrx_word' id='word_1_88' title='bbox 1662 796 1688 839; x_wconf 83' lang='lat' dir='ltr'><em>l.</em></span> <span class='ocrx_word' id='word_1_89' title='bbox 1720 810 1754 839; x_wconf 79' lang='lat' dir='ltr'><em>c.</em></span> <span class='ocrx_word' id='word_1_90' title='bbox 1786 799 1825 847; x_wconf 88' lang='lat'>1,</span> <span class='ocrx_word' id='word_1_91' title='bbox 1854 799 1921 839; x_wconf 89' lang='grc'>31.</span> <span class='ocrx_word' id='word_1_92' title='bbox 1981 794 2120 839; x_wconf 75' lang='lat' dir='ltr'>Filius</span> 
     </span>
     <span class='ocr_line' id='line_1_10' title="bbox 394 864 2120 920; baseline -0.003 -10"><span class='ocrx_word' id='word_1_93' title='bbox 394 870 485 910; x_wconf 86' lang='lat' dir='ltr'>eius</span> <span class='ocrx_word' id='word_1_94' title='bbox 516 866 711 910; x_wconf 89' lang='lat' dir='ltr'>aemulus</span> <span class='ocrx_word' id='word_1_95' title='bbox 742 866 938 907; x_wconf 85' lang='lat' dir='ltr'>exoritur</span> <span class='ocrx_word' id='word_1_96' title='bbox 958 865 1203 920; x_wconf 74' lang='lat' dir='ltr'>Vologaeso</span> <span class='ocrx_word' id='word_1_97' title='bbox 1235 866 1352 908; x_wconf 89' lang='lat' dir='ltr'>circa</span> <span class='ocrx_word' id='word_1_98' title='bbox 1382 881 1419 907; x_wconf 92' lang='lat' dir='ltr'>a.</span> <span class='ocrx_word' id='word_1_99' title='bbox 1440 866 1494 908; x_wconf 78' lang='lat'>54</span> <span class='ocrx_word' id='word_1_100' title='bbox 1522 866 1621 909; x_wconf 83' lang='lat' dir='ltr'>Tae.</span> <span class='ocrx_word' id='word_1_101' title='bbox 1644 879 1684 907; x_wconf 85' lang='lat' dir='ltr'>a.</span> <span class='ocrx_word' id='word_1_102' title='bbox 1706 867 1770 920; x_wconf 87' lang='lat'>13,</span> <span class='ocrx_word' id='word_1_103' title='bbox 1790 867 1818 907; x_wconf 93' lang='grc'><em>7</em></span> <span class='ocrx_word' id='word_1_104' title='bbox 1847 864 1915 920; x_wconf 77' lang='lat' dir='ltr'>(ex</span> <span class='ocrx_word' id='word_1_105' title='bbox 1945 864 2120 908; x_wconf 76' lang='lat' dir='ltr'>lectione</span> 
     </span>
    </p>
   </div>
   <div class='ocr_carea' id='block_1_5' title="bbox 394 933 1228 989">
    <p class='ocr_par' dir='ltr' id='par_1_5' title="bbox 394 933 1228 989">
     <span class='ocr_line' id='line_1_11' title="bbox 394 933 1228 989; baseline -0.001 -12"><span class='ocrx_word' id='word_1_106' title='bbox 394 935 587 989; x_wconf 75' lang='lat' dir='ltr'>tradita).</span> <span class='ocrx_word' id='word_1_107' title='bbox 645 933 712 988; x_wconf 82' lang='lat' dir='ltr'><em>Cf.</em></span> <span class='ocrx_word' id='word_1_108' title='bbox 743 934 819 976; x_wconf 79' lang='lat' dir='ltr'>sub</span> <span class='ocrx_word' id='word_1_109' title='bbox 851 948 898 976; x_wconf 84' lang='lat' dir='ltr'>eo</span> <span class='ocrx_word' id='word_1_110' title='bbox 928 934 1001 988; x_wconf 80' lang='lat' dir='ltr'>qai</span> <span class='ocrx_word' id='word_1_111' title='bbox 1028 935 1228 988; x_wconf 77' lang='lat' dir='ltr'>sequitur.</span> 
     </span>
    </p>
   </div>
   <div class='ocr_carea' id='block_1_6' title="bbox 311 1013 2167 1207">
    <p class='ocr_par' dir='ltr' id='par_1_6' title="bbox 311 992 2241 1219">
     <span class='ocr_line' id='line_1_12' title="bbox 311 1013 2119 1070; baseline -0.002 -11"><span class='ocrx_word' id='word_1_112' title='bbox 311 1017 391 1059; x_wconf 86' lang='lat'>176</span> <span class='ocrx_word' id='word_1_113' title='bbox 423 1014 688 1068; x_wconf 85' lang='lat' dir='ltr'>*Vardanes,</span> <span class='ocrx_word' id='word_1_114' title='bbox 712 1013 966 1068; x_wconf 82' lang='lat' dir='ltr'>Vologaesis</span> <span class='ocrx_word' id='word_1_115' title='bbox 995 1013 1131 1057; x_wconf 87' lang='lat' dir='ltr'>filius:</span> <span class='ocrx_word' id='word_1_116' title='bbox 1165 1015 1282 1056; x_wconf 84' lang='lat' dir='ltr'>circa</span> <span class='ocrx_word' id='word_1_117' title='bbox 1311 1030 1350 1058; x_wconf 88' lang='lat' dir='ltr'>a.</span> <span class='ocrx_word' id='word_1_118' title='bbox 1371 1015 1428 1070; x_wconf 83' lang='lat'>54</span> <span class='ocrx_word' id='word_1_119' title='bbox 1451 1021 1645 1056; x_wconf 87' lang='lat' dir='ltr'>exortus</span> <span class='ocrx_word' id='word_1_120' title='bbox 1672 1013 1865 1056; x_wconf 85' lang='lat' dir='ltr'>aemulus</span> <span class='ocrx_word' id='word_1_121' title='bbox 1885 1013 2119 1070; x_wconf 73' lang='lat' dir='ltr'>Vologaesi</span> 
     </span>
     <span class='ocr_line' id='line_1_13' title="bbox 394 1081 2167 1138; baseline 0.001 -13"><span class='ocrx_word' id='word_1_122' title='bbox 394 1085 422 1138; x_wconf 88' lang='lat'>(-</span> <span class='ocrx_word' id='word_1_123' title='bbox 430 1099 499 1126; x_wconf 89' lang='lat' dir='ltr'>eso</span> <span class='ocrx_word' id='word_1_124' title='bbox 521 1082 609 1125; x_wconf 81' lang='lat' dir='ltr'>eod.</span> <span class='ocrx_word' id='word_1_125' title='bbox 613 1084 628 1137; x_wconf 95' lang='lat'><em>)</em></span> <span class='ocrx_word' id='word_1_126' title='bbox 653 1081 767 1124; x_wconf 88' lang='lat' dir='ltr'>filius</span> <span class='ocrx_word' id='word_1_127' title='bbox 789 1081 1030 1124; x_wconf 84' lang='lat' dir='ltr'>Vardanes</span> <span class='ocrx_word' id='word_1_128' title='bbox 1057 1082 1266 1137; x_wconf 76' lang='lat' dir='ltr'><em>(traditur</em></span> <span class='ocrx_word' id='word_1_129' title='bbox 1285 1082 1523 1138; x_wconf 81' lang='lat' dir='ltr'>Vardanis)</span> <span class='ocrx_word' id='word_1_130' title='bbox 1551 1083 1649 1126; x_wconf 78' lang='lat' dir='ltr'>Tac.</span> <span class='ocrx_word' id='word_1_131' title='bbox 1672 1097 1713 1126; x_wconf 87' lang='lat' dir='ltr'>a.</span> <span class='ocrx_word' id='word_1_132' title='bbox 1734 1085 1800 1134; x_wconf 88' lang='grc'>13,</span> <span class='ocrx_word' id='word_1_133' title='bbox 1824 1086 1863 1127; x_wconf 91' lang='grc'>7.</span> <span class='ocrx_word' id='word_1_134' title='bbox 1915 1081 2121 1126; x_wconf 76' lang='lat' dir='ltr'>Fortasse</span> <span class='ocrx_word' id='word_1_135' title='bbox 2165 1135 2167 1137; x_wconf 17' lang='grc' dir='ltr'><strong><em>ι</em></strong></span> 
     </span>
     <span class='ocr_line' id='line_1_14' title="bbox 392 1149 2122 1207; baseline 0.001 -13.003"><span class='ocrx_word' id='word_1_136' title='bbox 392 1151 588 1194; x_wconf 74' lang='lat' dir='ltr'>standum</span> <span class='ocrx_word' id='word_1_137' title='bbox 628 1154 688 1193; x_wconf 84' lang='lat' dir='ltr'>est</span> <span class='ocrx_word' id='word_1_138' title='bbox 727 1150 899 1193; x_wconf 57' lang='lat' dir='ltr'>lectione</span> <span class='ocrx_word' id='word_1_139' title='bbox 933 1150 1120 1202; x_wconf 69' lang='lat' dir='ltr'>tradzta,</span> <span class='ocrx_word' id='word_1_140' title='bbox 1153 1154 1192 1193; x_wconf 92' lang='lat' dir='ltr'>et</span> <span class='ocrx_word' id='word_1_141' title='bbox 1218 1151 1486 1194; x_wconf 75' lang='lat' dir='ltr'>statuendum</span> <span class='ocrx_word' id='word_1_142' title='bbox 1517 1151 1655 1207; x_wconf 77' lang='lat' dir='ltr'>filiwm</span> <span class='ocrx_word' id='word_1_143' title='bbox 1685 1151 1867 1206; x_wconf 77' lang='lat' dir='ltr'>aliquem</span> <span class='ocrx_word' id='word_1_144' title='bbox 1905 1149 2122 1194; x_wconf 75' lang='lat' dir='ltr'>Vardanis</span> 
     </span>
    </p>
   </div>
   <div class='ocr_carea' id='block_1_7' title="bbox 393 1218 2118 1275">
    <p class='ocr_par' dir='ltr' id='par_1_7' title="bbox 393 1218 2118 1275">
     <span class='ocr_line' id='line_1_15' title="bbox 393 1218 2118 1275; baseline 0.001 -13"><span class='ocrx_word' id='word_1_145' title='bbox 393 1221 483 1263; x_wconf 77' lang='lat' dir='ltr'>eius</span> <span class='ocrx_word' id='word_1_146' title='bbox 514 1220 587 1274; x_wconf 74' lang='lat' dir='ltr'>qui</span> <span class='ocrx_word' id='word_1_147' title='bbox 614 1219 837 1274; x_wconf 73' lang='lat' dir='ltr'>praeeedit</span> <span class='ocrx_word' id='word_1_148' title='bbox 867 1218 1090 1274; x_wconf 73' lang='lat' dir='ltr'>Voloyaesi</span> <span class='ocrx_word' id='word_1_149' title='bbox 1119 1220 1376 1274; x_wconf 75' lang='lat' dir='ltr'>temporibus</span> <span class='ocrx_word' id='word_1_150' title='bbox 1404 1234 1578 1275; x_wconf 73' lang='lat' dir='ltr'>reynwm</span> <span class='ocrx_word' id='word_1_151' title='bbox 1609 1219 1856 1274; x_wconf 81' lang='lat' dir='ltr'>adfectasse.</span> <span class='ocrx_word' id='word_1_152' title='bbox 1917 1218 2019 1263; x_wconf 73' lang='lat' dir='ltr'>Umt</span> <span class='ocrx_word' id='word_1_153' title='bbox 2045 1221 2118 1275; x_wconf 70' lang='lat' dir='ltr'>oet,</span> 
     </span>
    </p>
   </div>
   <div class='ocr_carea' id='block_1_8' title="bbox 392 1286 2226 1480">
    <p class='ocr_par' dir='ltr' id='par_1_8' title="bbox 392 1270 2237 1485">
     <span class='ocr_line' id='line_1_16' title="bbox 392 1286 2226 1356; baseline -0.001 -25"><span class='ocrx_word' id='word_1_154' title='bbox 392 1289 450 1331; x_wconf 80' lang='lat' dir='ltr'>ad</span> <span class='ocrx_word' id='word_1_155' title='bbox 489 1302 580 1330; x_wconf 79' lang='lat' dir='ltr'>eum</span> <span class='ocrx_word' id='word_1_156' title='bbox 614 1287 810 1329; x_wconf 75' lang='lat' dir='ltr'>videntur</span> <span class='ocrx_word' id='word_1_157' title='bbox 838 1287 1053 1341; x_wconf 73' lang='lat' dir='ltr'>referendi</span> <span class='ocrx_word' id='word_1_158' title='bbox 1079 1288 1242 1330; x_wconf 75' lang='lat' dir='ltr'>nummi</span> <span class='ocrx_word' id='word_1_159' title='bbox 1278 1288 1391 1343; x_wconf 71' lang='lat' dir='ltr'>reyis</span> <span class='ocrx_word' id='word_1_160' title='bbox 1428 1288 1611 1331; x_wconf 78' lang='lat' dir='ltr'>alieuius</span> <span class='ocrx_word' id='word_1_161' title='bbox 1650 1287 1850 1331; x_wconf 78' lang='lat' dir='ltr'>Parthici</span> <span class='ocrx_word' id='word_1_162' title='bbox 1877 1288 2016 1343; x_wconf 68' lang='lat' dir='ltr'>eapite</span> <span class='ocrx_word' id='word_1_163' title='bbox 2044 1286 2120 1331; x_wconf 73' lang='lat' dir='ltr'>ad-</span> <span class='ocrx_word' id='word_1_164' title='bbox 2184 1287 2226 1356; x_wconf 53' lang='lat'><em>2</em></span> 
     </span>
     <span class='ocr_line' id='line_1_17' title="bbox 392 1355 2122 1412; baseline 0.001 -13"><span class='ocrx_word' id='word_1_165' title='bbox 392 1356 560 1399; x_wconf 78' lang='lat' dir='ltr'>modam</span> <span class='ocrx_word' id='word_1_166' title='bbox 588 1355 773 1406; x_wconf 74' lang='lat' dir='ltr'>iuvenili,</span> <span class='ocrx_word' id='word_1_167' title='bbox 806 1356 897 1398; x_wconf 69' lang='lat' dir='ltr'>cusi</span> <span class='ocrx_word' id='word_1_168' title='bbox 916 1370 999 1410; x_wconf 78' lang='lat' dir='ltr'>per</span> <span class='ocrx_word' id='word_1_169' title='bbox 1026 1369 1160 1399; x_wconf 75' lang='lat' dir='ltr'>annos</span> <span class='ocrx_word' id='word_1_170' title='bbox 1178 1359 1233 1399; x_wconf 87' lang='lat'>55</span> <span class='ocrx_word' id='word_1_171' title='bbox 1254 1356 1312 1399; x_wconf 80' lang='lat' dir='ltr'>ad</span> <span class='ocrx_word' id='word_1_172' title='bbox 1329 1359 1398 1407; x_wconf 87' lang='grc'>58,</span> <span class='ocrx_word' id='word_1_173' title='bbox 1431 1372 1500 1412; x_wconf 76' lang='lat' dir='ltr'>ap.</span> <span class='ocrx_word' id='word_1_174' title='bbox 1523 1357 1659 1412; x_wconf 70' lang='lat' dir='ltr'>Percy</span> <span class='ocrx_word' id='word_1_175' title='bbox 1681 1355 1883 1400; x_wconf 55' lang='grc' dir='ltr'>θανάτων</span> <span class='ocrx_word' id='word_1_176' title='bbox 1901 1355 2122 1399; x_wconf 74' lang='lat' dir='ltr'>Parthian</span> 
     </span>
     <span class='ocr_line' id='line_1_18' title="bbox 394 1421 2126 1480; baseline -0.001 -12"><span class='ocrx_word' id='word_1_177' title='bbox 394 1426 565 1479; x_wconf 74' lang='lat' dir='ltr'>coinaye</span> <span class='ocrx_word' id='word_1_178' title='bbox 599 1439 647 1479; x_wconf 75' lang='lat' dir='ltr'>p.</span> <span class='ocrx_word' id='word_1_179' title='bbox 677 1426 730 1467; x_wconf 86' lang='lat'>51</span> <span class='ocrx_word' id='word_1_180' title='bbox 770 1421 898 1478; x_wconf 78' lang='lat' dir='ltr'>(quod</span> <span class='ocrx_word' id='word_1_181' title='bbox 938 1425 983 1466; x_wconf 76' lang='lat' dir='ltr'>in</span> <span class='ocrx_word' id='word_1_182' title='bbox 1022 1438 1106 1467; x_wconf 75' lang='lat' dir='ltr'>uno</span> <span class='ocrx_word' id='word_1_183' title='bbox 1141 1438 1286 1467; x_wconf 78' lang='lat' dir='ltr'>eorum</span> <span class='ocrx_word' id='word_1_184' title='bbox 1325 1426 1576 1480; x_wconf 52' lang='lat' dir='ltr'>inscriptam.</span> <span class='ocrx_word' id='word_1_185' title='bbox 1615 1423 1700 1468; x_wconf 85' lang='lat' dir='ltr'>esse</span> <span class='ocrx_word' id='word_1_186' title='bbox 1739 1425 1896 1468; x_wconf 77' lang='lat' dir='ltr'>dieitwr</span> <span class='ocrx_word' id='word_1_187' title='bbox 1932 1429 2126 1476; x_wconf 78' lang='lat' dir='ltr'>BNANO,</span> 
     </span>
    </p>
   </div>
   <div class='ocr_carea' id='block_1_9' title="bbox 320 1491 2123 1822">
    <p class='ocr_par' dir='ltr' id='par_1_9' title="bbox 320 1485 2230 1822">
     <span class='ocr_line' id='line_1_19' title="bbox 392 1491 2123 1552; baseline 0 -16"><span class='ocrx_word' id='word_1_188' title='bbox 392 1495 463 1537; x_wconf 72' lang='lat' dir='ltr'>vix</span> <span class='ocrx_word' id='word_1_189' title='bbox 491 1496 600 1536; x_wconf 81' lang='lat' dir='ltr'>reete</span> <span class='ocrx_word' id='word_1_190' title='bbox 628 1492 879 1535; x_wconf 69' lang='lat' dir='ltr'>Gutschmzd</span> <span class='ocrx_word' id='word_1_191' title='bbox 909 1492 1058 1536; x_wconf 76' lang='lat' dir='ltr'>Gesch.</span> <span class='ocrx_word' id='word_1_192' title='bbox 1088 1494 1220 1536; x_wconf 78' lang='lat' dir='ltr'>Irans</span> <span class='ocrx_word' id='word_1_193' title='bbox 1250 1508 1299 1549; x_wconf 75' lang='lat' dir='ltr'>p.</span> <span class='ocrx_word' id='word_1_194' title='bbox 1329 1497 1410 1536; x_wconf 89' lang='lat'>130</span> <span class='ocrx_word' id='word_1_195' title='bbox 1440 1494 1541 1549; x_wconf 71' lang='lat' dir='ltr'>leyit</span> <span class='ocrx_word' id='word_1_196' title='bbox 1569 1495 1765 1552; x_wconf 81' lang='grc' dir='ltr'>βασιλέως</span> <span class='ocrx_word' id='word_1_197' title='bbox 1793 1492 1944 1549; x_wconf 85' lang='grc' dir='ltr'><em>Νάνου,</em></span> <span class='ocrx_word' id='word_1_198' title='bbox 1977 1491 2123 1537; x_wconf 79' lang='lat' dir='ltr'>Nanis</span> 
     </span>
     <span class='ocr_line' id='line_1_20' title="bbox 391 1562 1036 1618; baseline -0.001 -13"><span class='ocrx_word' id='word_1_199' title='bbox 391 1576 540 1605; x_wconf 74' lang='lat' dir='ltr'>nomen</span> <span class='ocrx_word' id='word_1_200' title='bbox 569 1562 609 1604; x_wconf 78' lang='lat' dir='ltr'>ei</span> <span class='ocrx_word' id='word_1_201' title='bbox 636 1562 768 1615; x_wconf 72' lang='lat' dir='ltr'>faisse</span> <span class='ocrx_word' id='word_1_202' title='bbox 799 1562 1036 1618; x_wconf 68' lang='lat' dir='ltr'>comeaeris).</span> 
     </span>
     <span class='ocr_line' id='line_1_21' title="bbox 321 1630 1958 1686; baseline 0.001 -14"><span class='ocrx_word' id='word_1_203' title='bbox 321 1657 377 1661; x_wconf 95' lang='lat'><strong>—</strong></span> <span class='ocrx_word' id='word_1_204' title='bbox 420 1638 464 1673; x_wconf 85' lang='lat' dir='ltr'><em>L.</em></span> <span class='ocrx_word' id='word_1_205' title='bbox 497 1636 701 1672; x_wconf 78' lang='lat' dir='ltr'>CESTIVS</span> <span class='ocrx_word' id='word_1_206' title='bbox 734 1636 927 1672; x_wconf 81' lang='lat' dir='ltr'>GALLVS</span> <span class='ocrx_word' id='word_1_207' title='bbox 960 1635 1285 1673; x_wconf 85' lang='lat' dir='ltr'>VARENIANVS</span> <span class='ocrx_word' id='word_1_208' title='bbox 1318 1636 1565 1674; x_wconf 81' lang='lat' dir='ltr'>LVTATIVS</span> <span class='ocrx_word' id='word_1_209' title='bbox 1595 1630 1958 1686; x_wconf 78' lang='lat' dir='ltr'>AEM[1]L1ANV8.</span> 
     </span>
     <span class='ocr_line' id='line_1_22' title="bbox 320 1698 1016 1753; baseline -0.003 -11"><span class='ocrx_word' id='word_1_210' title='bbox 320 1726 377 1730; x_wconf 96' lang='lat'><strong>—</strong></span> <span class='ocrx_word' id='word_1_211' title='bbox 422 1698 677 1753; x_wconf 85' lang='lat' dir='ltr'>CL(AVDIA)</span> <span class='ocrx_word' id='word_1_212' title='bbox 708 1704 1016 1741; x_wconf 85' lang='lat' dir='ltr'>VARENILLA.</span> 
     </span>
     <span class='ocr_line' id='line_1_23' title="bbox 322 1767 984 1822; baseline -0.002 -12"><span class='ocrx_word' id='word_1_213' title='bbox 322 1795 379 1799; x_wconf 88' lang='lat'>——</span> <span class='ocrx_word' id='word_1_214' title='bbox 423 1767 704 1822; x_wconf 86' lang='lat' dir='ltr'>CL(AVDIVS)</span> <span class='ocrx_word' id='word_1_215' title='bbox 736 1773 984 1812; x_wconf 84' lang='lat' dir='ltr'>VARENVS.</span> 
     </span>
    </p>
   </div>
   <div class='ocr_carea' id='block_1_10' title="bbox 312 1815 2223 1967">
    <p class='ocr_par' dir='ltr' id='par_1_10' title="bbox 312 1815 2223 1967">
     <span class='ocr_line' id='line_1_24' title="bbox 312 1815 2223 1899; baseline 0.001 -14"><span class='ocrx_word' id='word_1_216' title='bbox 312 1843 390 1885; x_wconf 87' lang='lat'>177</span> <span class='ocrx_word' id='word_1_217' title='bbox 422 1847 655 1884; x_wconf 86' lang='lat' dir='ltr'>VARENVS</span> <span class='ocrx_word' id='word_1_218' title='bbox 676 1847 836 1883; x_wconf 85' lang='lat' dir='ltr'>RVFVS</span> <span class='ocrx_word' id='word_1_219' title='bbox 855 1841 1014 1894; x_wconf 86' lang='lat' dir='ltr'>(Rufus</span> <span class='ocrx_word' id='word_1_220' title='bbox 1026 1842 1226 1884; x_wconf 87' lang='lat' dir='ltr'>Varenus</span> <span class='ocrx_word' id='word_1_221' title='bbox 1238 1841 1354 1884; x_wconf 65' lang='lat' dir='ltr'>Ptin.</span> <span class='ocrx_word' id='word_1_222' title='bbox 1373 1856 1435 1897; x_wconf 74' lang='lat' dir='ltr'>ep.</span> <span class='ocrx_word' id='word_1_223' title='bbox 1451 1844 1490 1893; x_wconf 90' lang='lat'>5,</span> <span class='ocrx_word' id='word_1_224' title='bbox 1507 1845 1579 1893; x_wconf 92' lang='grc'>20,</span> <span class='ocrx_word' id='word_1_225' title='bbox 1596 1846 1634 1893; x_wconf 88' lang='grc'>1,</span> <span class='ocrx_word' id='word_1_226' title='bbox 1646 1843 2118 1899; x_wconf 78' lang='lat' dir='ltr'>praetereaVarenus),</span> <span class='ocrx_word' id='word_1_227' title='bbox 2161 1894 2164 1897; x_wconf 22' lang='lat'><strong>¹</strong></span> <span class='ocrx_word' id='word_1_228' title='bbox 2220 1815 2223 1818; x_wconf 57' lang='lat'>&gt;</span> 
     </span>
     <span class='ocr_line' id='line_1_25' title="bbox 393 1909 2122 1967; baseline 0.003 -14"><span class='ocrx_word' id='word_1_229' title='bbox 393 1909 623 1967; x_wconf 86' lang='lat' dir='ltr'>proconsul</span> <span class='ocrx_word' id='word_1_230' title='bbox 644 1910 879 1966; x_wconf 83' lang='lat' dir='ltr'>Bithyniae</span> <span class='ocrx_word' id='word_1_231' title='bbox 899 1910 1016 1952; x_wconf 68' lang='lat' dir='ltr'>Ptin.</span> <span class='ocrx_word' id='word_1_232' title='bbox 1038 1925 1101 1965; x_wconf 74' lang='lat' dir='ltr'>ep.</span> <span class='ocrx_word' id='word_1_233' title='bbox 1121 1913 1160 1961; x_wconf 89' lang='lat'>5,</span> <span class='ocrx_word' id='word_1_234' title='bbox 1180 1914 1250 1965; x_wconf 91' lang='lat'>20,</span> <span class='ocrx_word' id='word_1_235' title='bbox 1272 1914 1311 1962; x_wconf 89' lang='lat'>1,</span> <span class='ocrx_word' id='word_1_236' title='bbox 1343 1921 1433 1953; x_wconf 87' lang='lat' dir='ltr'>tum</span> <span class='ocrx_word' id='word_1_237' title='bbox 1456 1925 1555 1953; x_wconf 89' lang='lat' dir='ltr'>cum</span> <span class='ocrx_word' id='word_1_238' title='bbox 1577 1911 1662 1953; x_wconf 91' lang='lat' dir='ltr'>Dio</span> <span class='ocrx_word' id='word_1_239' title='bbox 1684 1911 1864 1955; x_wconf 86' lang='lat' dir='ltr'>haberet</span> <span class='ocrx_word' id='word_1_240' title='bbox 1882 1913 2122 1956; x_wconf 82' lang='lat' dir='ltr'>orationem</span> 
     </span>
    </p>
   </div>
   <div class='ocr_carea' id='block_1_11' title="bbox 394 1978 2178 2105">
    <p class='ocr_par' dir='ltr' id='par_1_11' title="bbox 394 1964 2186 2105">
     <span class='ocr_line' id='line_1_26' title="bbox 394 1978 2123 2039; baseline 0.002 -18"><span class='ocrx_word' id='word_1_241' title='bbox 394 1993 505 2035; x_wconf 89' lang='lat' dir='ltr'>quae</span> <span class='ocrx_word' id='word_1_242' title='bbox 536 1978 784 2021; x_wconf 82' lang='lat' dir='ltr'>inscribitur</span> <span class='ocrx_word' id='word_1_243' title='bbox 814 1981 1008 2026; x_wconf 83' lang='grc' dir='ltr'>πολιτικὸς</span> <span class='ocrx_word' id='word_1_244' title='bbox 1038 1980 1079 2022; x_wconf 88' lang='grc' dir='ltr'>ἐν</span> <span class='ocrx_word' id='word_1_245' title='bbox 1110 1979 1300 2036; x_wconf 80' lang='grc' dir='ltr'>ἐκκλησίᾳ</span> <span class='ocrx_word' id='word_1_246' title='bbox 1329 1979 1419 2022; x_wconf 75' lang='lat' dir='ltr'>Dio</span> <span class='ocrx_word' id='word_1_247' title='bbox 1451 1993 1510 2024; x_wconf 82' lang='lat' dir='ltr'>or.</span> <span class='ocrx_word' id='word_1_248' title='bbox 1536 1979 1622 2022; x_wconf 93' lang='lat' dir='ltr'>XL</span> <span class='ocrx_word' id='word_1_249' title='bbox 1633 1979 1758 2023; x_wconf 86' lang='lat' dir='ltr'>VIII</span> <span class='ocrx_word' id='word_1_250' title='bbox 1779 1979 1873 2039; x_wconf 80' lang='lat' dir='ltr'>(vol.</span> <span class='ocrx_word' id='word_1_251' title='bbox 1893 1981 1956 2024; x_wconf 93' lang='lat' dir='ltr'>II</span> <span class='ocrx_word' id='word_1_252' title='bbox 1965 1995 2014 2036; x_wconf 76' lang='lat' dir='ltr'>p.</span> <span class='ocrx_word' id='word_1_253' title='bbox 2035 1982 2123 2024; x_wconf 80' lang='lat'>138</span> 
     </span>
     <span class='ocr_line' id='line_1_27' title="bbox 394 2043 2178 2105; baseline 0.003 -17"><span class='ocrx_word' id='word_1_254' title='bbox 394 2047 456 2089; x_wconf 81' lang='lat' dir='ltr'>ed.</span> <span class='ocrx_word' id='word_1_255' title='bbox 477 2046 700 2102; x_wconf 74' lang='lat' dir='ltr'>Dindorf).</span> <span class='ocrx_word' id='word_1_256' title='bbox 750 2047 1040 2090; x_wconf 90' lang='lat' dir='ltr'>Prusensibus</span> <span class='ocrx_word' id='word_1_257' title='bbox 1070 2048 1270 2104; x_wconf 84' lang='lat' dir='ltr'>permisit</span> <span class='ocrx_word' id='word_1_258' title='bbox 1302 2047 1582 2104; x_wconf 82' lang='grc' dir='ltr'><em>ἐκκλησιάσαι,</em></span> <span class='ocrx_word' id='word_1_259' title='bbox 1611 2049 1727 2105; x_wconf 87' lang='lat' dir='ltr'>quod</span> <span class='ocrx_word' id='word_1_260' title='bbox 1757 2043 1886 2092; x_wconf 83' lang='lat' dir='ltr'>antea</span> <span class='ocrx_word' id='word_1_261' title='bbox 1914 2049 2120 2093; x_wconf 88' lang='lat' dir='ltr'>nimirum</span> <span class='ocrx_word' id='word_1_262' title='bbox 2172 2053 2178 2059; x_wconf 57' lang='lat'>²</span> 
     </span>
    </p>
   </div>
   <div class='ocr_carea' id='block_1_12' title="bbox 392 2114 2185 2174">
    <p class='ocr_par' dir='ltr' id='par_1_12' title="bbox 392 2114 2185 2174">
     <span class='ocr_line' id='line_1_28' title="bbox 392 2114 2185 2174; baseline 0.002 -17"><span class='ocrx_word' id='word_1_263' title='bbox 392 2116 573 2157; x_wconf 89' lang='lat' dir='ltr'>vetitum</span> <span class='ocrx_word' id='word_1_264' title='bbox 616 2114 759 2157; x_wconf 89' lang='lat' dir='ltr'>fuerat</span> <span class='ocrx_word' id='word_1_265' title='bbox 794 2115 884 2158; x_wconf 75' lang='lat' dir='ltr'>Dio</span> <span class='ocrx_word' id='word_1_266' title='bbox 914 2115 940 2158; x_wconf 83' lang='lat' dir='ltr'><em>l.</em></span> <span class='ocrx_word' id='word_1_267' title='bbox 973 2129 1007 2158; x_wconf 85' lang='lat' dir='ltr'>e.</span> <span class='ocrx_word' id='word_1_268' title='bbox 1067 2115 1270 2172; x_wconf 83' lang='lat' dir='ltr'>Bithyni,</span> <span class='ocrx_word' id='word_1_269' title='bbox 1313 2131 1414 2158; x_wconf 87' lang='lat' dir='ltr'>cum</span> <span class='ocrx_word' id='word_1_270' title='bbox 1442 2123 1698 2160; x_wconf 81' lang='lat' dir='ltr'>accusarent</span> <span class='ocrx_word' id='word_1_271' title='bbox 1726 2117 1889 2161; x_wconf 92' lang='lat' dir='ltr'>Iulium</span> <span class='ocrx_word' id='word_1_272' title='bbox 1920 2117 2117 2174; x_wconf 80' lang='lat' dir='ltr'>Bassum,</span> <span class='ocrx_word' id='word_1_273' title='bbox 2174 2116 2185 2171; x_wconf 53' lang='lat' dir='ltr'>5·ss</span> 
     </span>
    </p>
   </div>
   <div class='ocr_carea' id='block_1_13' title="bbox 395 2183 2183 2243">
    <p class='ocr_par' dir='ltr' id='par_1_13' title="bbox 395 2183 2183 2243">
     <span class='ocr_line' id='line_1_29' title="bbox 395 2183 2183 2243; baseline 0.003 -18"><span class='ocrx_word' id='word_1_274' title='bbox 395 2199 493 2225; x_wconf 91' lang='lat' dir='ltr'>eum</span> <span class='ocrx_word' id='word_1_275' title='bbox 526 2183 797 2225; x_wconf 87' lang='lat' dir='ltr'>‘advocatum</span> <span class='ocrx_word' id='word_1_276' title='bbox 839 2191 882 2226; x_wconf 90' lang='lat' dir='ltr'>et</span> <span class='ocrx_word' id='word_1_277' title='bbox 911 2184 1181 2240; x_wconf 87' lang='lat' dir='ltr'>postularant</span> <span class='ocrx_word' id='word_1_278' title='bbox 1210 2191 1253 2227; x_wconf 87' lang='lat' dir='ltr'>et</span> <span class='ocrx_word' id='word_1_279' title='bbox 1280 2192 1553 2241; x_wconf 83' lang='lat' dir='ltr'>acceperant&#39;</span> <span class='ocrx_word' id='word_1_280' title='bbox 1587 2185 1706 2230; x_wconf 69' lang='lat' dir='ltr'><em>Ptin.</em></span> <span class='ocrx_word' id='word_1_281' title='bbox 1738 2200 1800 2241; x_wconf 76' lang='lat' dir='ltr'>ep.</span> <span class='ocrx_word' id='word_1_282' title='bbox 1830 2189 1869 2238; x_wconf 90' lang='lat'>5,</span> <span class='ocrx_word' id='word_1_283' title='bbox 1897 2188 1970 2238; x_wconf 84' lang='lat'>20,</span> <span class='ocrx_word' id='word_1_284' title='bbox 2001 2189 2028 2229; x_wconf 88' lang='lat'><strong><em>1</em></strong></span> <span class='ocrx_word' id='word_1_285' title='bbox 2057 2186 2121 2243; x_wconf 77' lang='lat' dir='ltr'>(in</span> <span class='ocrx_word' id='word_1_286' title='bbox 2154 2185 2183 2223; x_wconf 70' lang='grc' dir='ltr'>’ἶ</span> 
     </span>
    </p>
   </div>
   <div class='ocr_carea' id='block_1_14' title="bbox 2180 1823 2242 2251">
    <p class='ocr_par' dir='ltr' id='par_1_14' title="bbox 2180 1823 2242 2251">
     <span class='ocr_line' id='line_1_30' title="bbox 2180 1823 2242 2251; baseline 0 1421"><span class='ocrx_word' id='word_1_287' title='bbox 2180 1823 2242 2251; x_wconf 95' lang='lat' dir='ltr'> </span> 
     </span>
    </p>
   </div>
   <div class='ocr_carea' id='block_1_15' title="bbox 392 2253 2120 2309">
    <p class='ocr_par' dir='ltr' id='par_1_15' title="bbox 392 2243 2231 2309">
     <span class='ocr_line' id='line_1_31' title="bbox 392 2253 2120 2309; baseline 0.003 -16"><span class='ocrx_word' id='word_1_288' title='bbox 392 2253 490 2307; x_wconf 74' lang='lat' dir='ltr'>ipsa</span> <span class='ocrx_word' id='word_1_289' title='bbox 528 2255 669 2294; x_wconf 74' lang='lat' dir='ltr'>tamen</span> <span class='ocrx_word' id='word_1_290' title='bbox 708 2253 871 2294; x_wconf 74' lang='lat' dir='ltr'>actione</span> <span class='ocrx_word' id='word_1_291' title='bbox 911 2256 1061 2295; x_wconf 81' lang='lat' dir='ltr'>eontra</span> <span class='ocrx_word' id='word_1_292' title='bbox 1090 2253 1252 2295; x_wconf 71' lang='lat' dir='ltr'>Iuliam</span> <span class='ocrx_word' id='word_1_293' title='bbox 1280 2253 1467 2296; x_wconf 79' lang='lat' dir='ltr'>Bassum</span> <span class='ocrx_word' id='word_1_294' title='bbox 1495 2267 1581 2296; x_wconf 78' lang='lat' dir='ltr'>non</span> <span class='ocrx_word' id='word_1_295' title='bbox 1618 2254 1906 2309; x_wconf 80' lang='lat' dir='ltr'>memoratur).</span> <span class='ocrx_word' id='word_1_296' title='bbox 1967 2253 2120 2298; x_wconf 80' lang='lat' dir='ltr'>Paullo</span> 
     </span>
    </p>
   </div>
   <div class='ocr_carea' id='block_1_16' title="bbox 393 2320 2119 2378">
    <p class='ocr_par' dir='ltr' id='par_1_16' title="bbox 393 2320 2119 2378">
     <span class='ocr_line' id='line_1_32' title="bbox 393 2320 2119 2378; baseline 0.002 -16"><span class='ocrx_word' id='word_1_297' title='bbox 393 2327 490 2376; x_wconf 90' lang='lat' dir='ltr'>post</span> <span class='ocrx_word' id='word_1_298' title='bbox 519 2321 652 2375; x_wconf 69' lang='lat' dir='ltr'>(circa</span> <span class='ocrx_word' id='word_1_299' title='bbox 673 2334 831 2362; x_wconf 75' lang='lat' dir='ltr'>annam</span> <span class='ocrx_word' id='word_1_300' title='bbox 849 2323 931 2363; x_wconf 87' lang='lat'>105</span> <span class='ocrx_word' id='word_1_301' title='bbox 953 2324 1003 2362; x_wconf 76' lang='lat' dir='ltr'>ut</span> <span class='ocrx_word' id='word_1_302' title='bbox 1029 2321 1211 2375; x_wconf 75' lang='lat' dir='ltr'>videtur)</span> <span class='ocrx_word' id='word_1_303' title='bbox 1237 2320 1291 2364; x_wconf 89' lang='lat' dir='ltr'>ab</span> <span class='ocrx_word' id='word_1_304' title='bbox 1322 2322 1427 2377; x_wconf 90' lang='lat' dir='ltr'>ipsis</span> <span class='ocrx_word' id='word_1_305' title='bbox 1458 2321 1660 2378; x_wconf 88' lang='lat' dir='ltr'>Bithynis</span> <span class='ocrx_word' id='word_1_306' title='bbox 1690 2330 1943 2378; x_wconf 86' lang='lat' dir='ltr'>accusatus;</span> <span class='ocrx_word' id='word_1_307' title='bbox 1973 2322 2119 2366; x_wconf 80' lang='lat' dir='ltr'>defen-</span> 
     </span>
    </p>
   </div>
   <div class='ocr_carea' id='block_1_17' title="bbox 395 2387 2120 2517">
    <p class='ocr_par' dir='ltr' id='par_1_17' title="bbox 395 2364 2240 2530">
     <span class='ocr_line' id='line_1_33' title="bbox 395 2387 2120 2499; baseline 0.003 -70"><span class='ocrx_word' id='word_1_308' title='bbox 395 2389 514 2430; x_wconf 87' lang='lat' dir='ltr'>ditur</span> <span class='ocrx_word' id='word_1_309' title='bbox 544 2403 569 2429; x_wconf 86' lang='lat' dir='ltr'>a</span> <span class='ocrx_word' id='word_1_310' title='bbox 599 2387 739 2430; x_wconf 89' lang='lat' dir='ltr'>Plinio</span> <span class='ocrx_word' id='word_1_311' title='bbox 759 2388 878 2432; x_wconf 80' lang='lat' dir='ltr'>le.</span> <span class='ocrx_word' id='word_1_312' title='bbox 874 2403 964 2499; x_wconf 32' lang='lat' dir='ltr'>&#39;sep</span> <span class='ocrx_word' id='word_1_313' title='bbox 984 2392 1021 2439; x_wconf 86' lang='lat'>5,</span> <span class='ocrx_word' id='word_1_314' title='bbox 1045 2393 1117 2432; x_wconf 91' lang='grc'>20.</span> <span class='ocrx_word' id='word_1_315' title='bbox 1148 2393 1186 2440; x_wconf 91' lang='grc'>6,</span> <span class='ocrx_word' id='word_1_316' title='bbox 1206 2392 1256 2441; x_wconf 89' lang='grc'>5,</span> <span class='ocrx_word' id='word_1_317' title='bbox 1285 2393 1361 2441; x_wconf 89' lang='grc'>13;</span> <span class='ocrx_word' id='word_1_318' title='bbox 1385 2392 1457 2441; x_wconf 88' lang='grc'>29,</span> <span class='ocrx_word' id='word_1_319' title='bbox 1479 2394 1544 2434; x_wconf 90' lang='grc'>11.</span> <span class='ocrx_word' id='word_1_320' title='bbox 1591 2390 1771 2447; x_wconf 90' lang='lat' dir='ltr'>Bithyni</span> <span class='ocrx_word' id='word_1_321' title='bbox 1802 2392 2120 2435; x_wconf 83' lang='lat' dir='ltr'>accusationem</span> 
     </span>
     <span class='ocr_line' id='line_1_34' title="bbox 395 2456 2119 2517; baseline 0.003 -20"><span class='ocrx_word' id='word_1_322' title='bbox 395 2457 598 2498; x_wconf 87' lang='lat' dir='ltr'>omittunt</span> <span class='ocrx_word' id='word_1_323' title='bbox 626 2456 742 2499; x_wconf 81' lang='lat' dir='ltr'>le.</span> <span class='ocrx_word' id='word_1_324' title='bbox 779 2471 840 2511; x_wconf 78' lang='lat' dir='ltr'>ep</span> <span class='ocrx_word' id='word_1_325' title='bbox 901 2460 993 2508; x_wconf 91' lang='grc'>6·</span> <span class='ocrx_word' id='word_1_326' title='bbox 1037 2457 1252 2500; x_wconf 88' lang='lat' dir='ltr'>Traianus</span> <span class='ocrx_word' id='word_1_327' title='bbox 1293 2459 1544 2514; x_wconf 83' lang='lat' dir='ltr'>provinciae</span> <span class='ocrx_word' id='word_1_328' title='bbox 1582 2458 1847 2503; x_wconf 88' lang='lat' dir='ltr'>voluntatem</span> <span class='ocrx_word' id='word_1_329' title='bbox 1890 2459 2119 2517; x_wconf 84' lang='lat' dir='ltr'>explorare</span> 
     </span>
    </p>
   </div>
   <div class='ocr_carea' id='block_1_18' title="bbox 323 2523 934 2703">
    <p class='ocr_par' dir='ltr' id='par_1_18' title="bbox 323 2523 934 2703">
     <span class='ocr_line' id='line_1_35' title="bbox 395 2523 785 2575; baseline 0 -9"><span class='ocrx_word' id='word_1_330' title='bbox 395 2525 545 2566; x_wconf 87' lang='lat' dir='ltr'>statuit</span> <span class='ocrx_word' id='word_1_331' title='bbox 574 2525 631 2566; x_wconf 67' lang='lat' dir='ltr'>ib.</span> <span class='ocrx_word' id='word_1_332' title='bbox 659 2523 697 2575; x_wconf 94' lang='grc'><em>7</em></span> <span class='ocrx_word' id='word_1_333' title='bbox 719 2528 785 2566; x_wconf 90' lang='grc'>10.</span> 
     </span>
     <span class='ocr_line' id='line_1_36' title="bbox 323 2593 919 2648; baseline 0.003 -15"><span class='ocrx_word' id='word_1_334' title='bbox 323 2618 378 2621; x_wconf 87' lang='grc'>-</span> <span class='ocrx_word' id='word_1_335' title='bbox 425 2593 657 2648; x_wconf 84' lang='lat' dir='ltr'>Septimius</span> <span class='ocrx_word' id='word_1_336' title='bbox 688 2593 919 2636; x_wconf 87' lang='lat' dir='ltr'>Varianus.</span> 
     </span>
     <span class='ocr_line' id='line_1_37' title="bbox 324 2667 934 2703; baseline 0.003 -2"><span class='ocrx_word' id='word_1_337' title='bbox 324 2686 378 2690; x_wconf 91' lang='lat'>--</span> <span class='ocrx_word' id='word_1_338' title='bbox 421 2667 669 2702; x_wconf 85' lang='lat' dir='ltr'>APPVLEIA</span> <span class='ocrx_word' id='word_1_339' title='bbox 700 2668 934 2703; x_wconf 86' lang='lat' dir='ltr'>VARILLA.</span> 
     </span>
    </p>
   </div>
   <div class='ocr_carea' id='block_1_19' title="bbox 312 2737 1211 2794">
    <p class='ocr_par' dir='ltr' id='par_1_19' title="bbox 312 2737 1211 2794">
     <span class='ocr_line' id='line_1_38' title="bbox 312 2737 1211 2794; baseline 0.004 -12"><span class='ocrx_word' id='word_1_340' title='bbox 312 2741 391 2783; x_wconf 87' lang='grc'><em>178</em></span> <span class='ocrx_word' id='word_1_341' title='bbox 423 2739 624 2794; x_wconf 83' lang='lat' dir='ltr'>Varillus,</span> <span class='ocrx_word' id='word_1_342' title='bbox 656 2741 827 2783; x_wconf 87' lang='lat' dir='ltr'>infamis</span> <span class='ocrx_word' id='word_1_343' title='bbox 845 2737 1048 2785; x_wconf 52' lang='lat' dir='ltr'>&#39;IuvenaL</span> <span class='ocrx_word' id='word_1_344' title='bbox 1070 2746 1115 2793; x_wconf 87' lang='lat'>2,</span> <span class='ocrx_word' id='word_1_345' title='bbox 1136 2746 1211 2786; x_wconf 82' lang='lat'>22.</span> 
     </span>
    </p>
   </div>
   <div class='ocr_carea' id='block_1_20' title="bbox 314 2819 2130 3015">
    <p class='ocr_par' dir='ltr' id='par_1_20' title="bbox 314 2800 2227 3022">
     <span class='ocr_line' id='line_1_39' title="bbox 314 2819 2130 2873; baseline 0.004 -12"><span class='ocrx_word' id='word_1_346' title='bbox 314 2819 394 2861; x_wconf 83' lang='lat'>179</span> <span class='ocrx_word' id='word_1_347' title='bbox 425 2824 637 2859; x_wconf 86' lang='lat' dir='ltr'>VARINIA</span> <span class='ocrx_word' id='word_1_348' title='bbox 677 2826 931 2863; x_wconf 83' lang='lat' dir='ltr'>FLACGINA</span> <span class='ocrx_word' id='word_1_349' title='bbox 971 2822 1209 2864; x_wconf 89' lang='lat' dir='ltr'>clarissima</span> <span class='ocrx_word' id='word_1_350' title='bbox 1248 2822 1432 2873; x_wconf 80' lang='lat' dir='ltr'>femina;</span> <span class='ocrx_word' id='word_1_351' title='bbox 1473 2822 1522 2866; x_wconf 83' lang='lat' dir='ltr'><em>C.</em></span> <span class='ocrx_word' id='word_1_352' title='bbox 1555 2823 1723 2865; x_wconf 89' lang='lat' dir='ltr'>Varinii</span> <span class='ocrx_word' id='word_1_353' title='bbox 1759 2824 1858 2866; x_wconf 87' lang='lat' dir='ltr'>Fidi</span> <span class='ocrx_word' id='word_1_354' title='bbox 1889 2819 2130 2868; x_wconf 58' lang='lat' dir='ltr'>flaminalis&#39;</span> 
     </span>
     <span class='ocr_line' id='line_1_40' title="bbox 396 2888 2120 2948; baseline 0.005 -22"><span class='ocrx_word' id='word_1_355' title='bbox 396 2888 644 2942; x_wconf 71' lang='lat' dir='ltr'>provinciae</span> <span class='ocrx_word' id='word_1_356' title='bbox 665 2889 868 2930; x_wconf 71' lang='lat' dir='ltr'>Baeticae</span> <span class='ocrx_word' id='word_1_357' title='bbox 896 2890 986 2932; x_wconf 76' lang='lat' dir='ltr'>filia</span> <span class='ocrx_word' id='word_1_358' title='bbox 1016 2894 1043 2932; x_wconf 81' lang='lat' dir='ltr'><em>t.</em></span> <span class='ocrx_word' id='word_1_359' title='bbox 1071 2891 1117 2933; x_wconf 63' lang='lat' dir='ltr'>in</span> <span class='ocrx_word' id='word_1_360' title='bbox 1145 2890 1327 2932; x_wconf 62' lang='lat' dir='ltr'>Baetim</span> <span class='ocrx_word' id='word_1_361' title='bbox 1346 2905 1434 2946; x_wconf 73' lang='lat' dir='ltr'>rep.</span> <span class='ocrx_word' id='word_1_362' title='bbox 1454 2891 1566 2946; x_wconf 72' lang='lat' dir='ltr'>Eph.</span> <span class='ocrx_word' id='word_1_363' title='bbox 1588 2895 1617 2933; x_wconf 79' lang='grc'><em>8</em></span> <span class='ocrx_word' id='word_1_364' title='bbox 1635 2907 1683 2946; x_wconf 73' lang='lat' dir='ltr'>p.</span> <span class='ocrx_word' id='word_1_365' title='bbox 1703 2894 1788 2935; x_wconf 82' lang='lat'>385</span> <span class='ocrx_word' id='word_1_366' title='bbox 1810 2907 1852 2935; x_wconf 74' lang='lat' dir='ltr'><em>n.</em></span> <span class='ocrx_word' id='word_1_367' title='bbox 1877 2895 1934 2936; x_wconf 85' lang='lat'>89</span> <span class='ocrx_word' id='word_1_368' title='bbox 1954 2892 2120 2948; x_wconf 64' lang='lat' dir='ltr'>(metm</span> 
     </span>
     <span class='ocr_line' id='line_1_41' title="bbox 397 2956 2116 3015; baseline 0.005 -19"><span class='ocrx_word' id='word_1_369' title='bbox 397 2969 520 3008; x_wconf 79' lang='lat' dir='ltr'>quam</span> <span class='ocrx_word' id='word_1_370' title='bbox 551 2956 611 2997; x_wconf 95' lang='lat' dir='ltr'>II</span> <span class='ocrx_word' id='word_1_371' title='bbox 634 2956 747 3010; x_wconf 85' lang='grc'><em>983),</em></span> <span class='ocrx_word' id='word_1_372' title='bbox 791 2958 946 2999; x_wconf 90' lang='lat' dir='ltr'>Licinii</span> <span class='ocrx_word' id='word_1_373' title='bbox 988 2959 1213 3001; x_wconf 83' lang='lat' dir='ltr'>Sereniani</span> <span class='ocrx_word' id='word_1_374' title='bbox 1244 2960 1326 3000; x_wconf 87' lang='lat' dir='ltr'>viri</span> <span class='ocrx_word' id='word_1_375' title='bbox 1363 2959 1588 3002; x_wconf 86' lang='lat' dir='ltr'>clarissimi</span> <span class='ocrx_word' id='word_1_376' title='bbox 1621 2959 1770 3015; x_wconf 62' lang='lat' dir='ltr'>(suffra</span> <span class='ocrx_word' id='word_1_377' title='bbox 1799 2961 1840 3003; x_wconf 93' lang='lat' dir='ltr'><em>L</em></span> <span class='ocrx_word' id='word_1_378' title='bbox 1868 2964 1962 3011; x_wconf 88' lang='grc'><em>166)</em></span> <span class='ocrx_word' id='word_1_379' title='bbox 1993 2975 2116 3015; x_wconf 83' lang='lat' dir='ltr'>uxor,</span> 
     </span>
    </p>
   </div>
   <div class='ocr_carea' id='block_1_21' title="bbox 318 3023 2213 3380">
    <p class='ocr_par' dir='ltr' id='par_1_21' title="bbox 318 3023 2234 3380">
     <span class='ocr_line' id='line_1_42' title="bbox 396 3023 1224 3070; baseline 0.007 -6"><span class='ocrx_word' id='word_1_380' title='bbox 396 3023 602 3064; x_wconf 85' lang='lat' dir='ltr'>Variniae</span> <span class='ocrx_word' id='word_1_381' title='bbox 633 3024 821 3067; x_wconf 87' lang='lat' dir='ltr'>Serenae</span> <span class='ocrx_word' id='word_1_382' title='bbox 850 3033 988 3068; x_wconf 89' lang='lat' dir='ltr'>mater</span> <span class='ocrx_word' id='word_1_383' title='bbox 1018 3027 1079 3068; x_wconf 94' lang='lat' dir='ltr'>II</span> <span class='ocrx_word' id='word_1_384' title='bbox 1100 3031 1224 3070; x_wconf 71' lang='lat'><em>1024.</em></span> 
     </span>
     <span class='ocr_line' id='line_1_43' title="bbox 319 3102 2118 3163; baseline 0.006 -22"><span class='ocrx_word' id='word_1_385' title='bbox 319 3102 398 3142; x_wconf 82' lang='lat'>180</span> <span class='ocrx_word' id='word_1_386' title='bbox 428 3108 634 3143; x_wconf 87' lang='lat' dir='ltr'>VARINIA</span> <span class='ocrx_word' id='word_1_387' title='bbox 660 3110 873 3158; x_wconf 86' lang='lat' dir='ltr'>SERENA,</span> <span class='ocrx_word' id='word_1_388' title='bbox 907 3107 998 3147; x_wconf 87' lang='lat' dir='ltr'>eius</span> <span class='ocrx_word' id='word_1_389' title='bbox 1020 3122 1130 3162; x_wconf 87' lang='lat' dir='ltr'>quae</span> <span class='ocrx_word' id='word_1_390' title='bbox 1154 3107 1374 3163; x_wconf 84' lang='lat' dir='ltr'>praecedit</span> <span class='ocrx_word' id='word_1_391' title='bbox 1399 3114 1443 3150; x_wconf 88' lang='lat' dir='ltr'>et</span> <span class='ocrx_word' id='word_1_392' title='bbox 1462 3109 1620 3151; x_wconf 89' lang='lat' dir='ltr'>Licinii</span> <span class='ocrx_word' id='word_1_393' title='bbox 1643 3110 1868 3153; x_wconf 87' lang='lat' dir='ltr'>Sereniani</span> <span class='ocrx_word' id='word_1_394' title='bbox 1890 3108 2118 3158; x_wconf 83' lang='lat' dir='ltr'>clarissimi</span> 
     </span>
     <span class='ocr_line' id='line_1_44' title="bbox 398 3170 2210 3228; baseline 0.009 -19"><span class='ocrx_word' id='word_1_395' title='bbox 398 3170 478 3209; x_wconf 86' lang='lat' dir='ltr'>viri</span> <span class='ocrx_word' id='word_1_396' title='bbox 510 3170 599 3211; x_wconf 81' lang='lat' dir='ltr'>filia</span> <span class='ocrx_word' id='word_1_397' title='bbox 629 3174 655 3213; x_wconf 91' lang='lat' dir='ltr'><em>t.</em></span> <span class='ocrx_word' id='word_1_398' title='bbox 687 3172 733 3213; x_wconf 69' lang='lat' dir='ltr'>in</span> <span class='ocrx_word' id='word_1_399' title='bbox 762 3172 944 3214; x_wconf 59' lang='lat' dir='ltr'>Baetica</span> <span class='ocrx_word' id='word_1_400' title='bbox 974 3189 1059 3228; x_wconf 70' lang='lat' dir='ltr'>rep.</span> <span class='ocrx_word' id='word_1_401' title='bbox 1086 3176 1147 3217; x_wconf 92' lang='lat' dir='ltr'>II</span> <span class='ocrx_word' id='word_1_402' title='bbox 1169 3179 1293 3220; x_wconf 70' lang='lat'><em>1024.</em></span> <span class='ocrx_word' id='word_1_403' title='bbox 2170 3173 2210 3222; x_wconf 21' lang='lat'>³¹*</span> 
     </span>
     <span class='ocr_line' id='line_1_45' title="bbox 318 3247 2213 3310; baseline 0.007 -23"><span class='ocrx_word' id='word_1_404' title='bbox 318 3247 391 3288; x_wconf 84' lang='lat'>181</span> <span class='ocrx_word' id='word_1_405' title='bbox 428 3248 671 3291; x_wconf 81' lang='lat' dir='ltr'>Varisidius</span> <span class='ocrx_word' id='word_1_406' title='bbox 712 3251 877 3306; x_wconf 82' lang='lat' dir='ltr'>Nepos,</span> <span class='ocrx_word' id='word_1_407' title='bbox 920 3252 1033 3294; x_wconf 92' lang='lat' dir='ltr'>filius</span> <span class='ocrx_word' id='word_1_408' title='bbox 1074 3256 1233 3296; x_wconf 87' lang='lat' dir='ltr'>sororis</span> <span class='ocrx_word' id='word_1_409' title='bbox 1273 3255 1321 3299; x_wconf 84' lang='lat' dir='ltr'><em>O.</em></span> <span class='ocrx_word' id='word_1_410' title='bbox 1353 3254 1532 3298; x_wconf 87' lang='lat' dir='ltr'>Calvisii</span> <span class='ocrx_word' id='word_1_411' title='bbox 1564 3256 1724 3310; x_wconf 87' lang='lat' dir='ltr'>(Rufi):</span> <span class='ocrx_word' id='word_1_412' title='bbox 1765 3258 1804 3298; x_wconf 89' lang='lat' dir='ltr'>ei</span> <span class='ocrx_word' id='word_1_413' title='bbox 1845 3255 2117 3307; x_wconf 84' lang='lat' dir='ltr'>tribunatum</span> <span class='ocrx_word' id='word_1_414' title='bbox 2184 3251 2213 3308; x_wconf 62' lang='lat'><em>.</em></span> 
     </span>
     <span class='ocr_line' id='line_1_46' title="bbox 399 3318 2212 3380; baseline 0.01 -26"><span class='ocrx_word' id='word_1_415' title='bbox 399 3323 648 3357; x_wconf 85' lang='lat' dir='ltr'>semestrem</span> <span class='ocrx_word' id='word_1_416' title='bbox 676 3332 702 3358; x_wconf 86' lang='lat' dir='ltr'>a</span> <span class='ocrx_word' id='word_1_417' title='bbox 733 3318 855 3360; x_wconf 86' lang='lat' dir='ltr'>Sosio</span> <span class='ocrx_word' id='word_1_418' title='bbox 888 3319 1126 3363; x_wconf 88' lang='lat' dir='ltr'>Senecione</span> <span class='ocrx_word' id='word_1_419' title='bbox 1157 3323 1265 3377; x_wconf 87' lang='lat' dir='ltr'>petit</span> <span class='ocrx_word' id='word_1_420' title='bbox 1295 3322 1462 3366; x_wconf 89' lang='lat' dir='ltr'>Plinius</span> <span class='ocrx_word' id='word_1_421' title='bbox 1493 3338 1555 3379; x_wconf 75' lang='lat' dir='ltr'>ep.</span> <span class='ocrx_word' id='word_1_422' title='bbox 1581 3328 1621 3380; x_wconf 80' lang='lat'>4,</span> <span class='ocrx_word' id='word_1_423' title='bbox 1645 3328 1686 3368; x_wconf 80' lang='lat'>4.</span> <span class='ocrx_word' id='word_1_424' title='bbox 2194 3321 2212 3336; x_wconf 41' lang='lat'>&#39;²</span> 
     </span>
    </p>
   </div>
  </div>
 </body>
</html>
