2242 3672
130 253 311 290 SERGIA
998 248 1082 290 223
1669 250 1947 287 SERTORIVS

128 386 213 429 383
244 392 427 428 SERGIA
449 391 703 427 PAVLLINA
725 386 775 427 L.
798 385 824 428 f.
849 386 1013 441 (patris
1031 400 1180 429 nomen
1202 389 1263 429 est
1283 385 1352 428 VI
1363 388 1486 429 9149.
1511 383 1691 435 10261).·
1717 382 1948 438 collegium

214 453 394 510 (servile)
415 454 532 512 quod
560 461 653 496 erat
676 454 718 495 in
741 453 867 497 domo
894 455 986 498 cius
1011 455 1079 497 VI
1090 458 1208 499 9148.
1236 458 1355 498 9149.
1377 457 1528 498 10261.
1551 456 1699 497 10262
1719 453 1774 507 cf.
1790 455 1930 496 10264
1938 466 1951 503 ,·

213 522 440 578 collegium
471 521 662 564 familiae
694 523 785 565 eius
817 522 885 565 VI
906 526 1047 567 10263
1076 525 1131 578 of.
1154 527 1306 567 10260.
1367 523 1533 566 Filiam
1562 523 1694 577 fuisse
1723 522 1774 565 L.
1808 521 1952 577 Seryii

213 591 365 634 Paulli
393 591 576 634 consulis
597 592 749 634 iterum
771 606 812 634 a.
830 594 912 634 168
934 593 1110 635 coniecit
1128 592 1388 648 Boryhesius
1413 606 1506 647 opp.
1528 594 1569 643 8,
1590 594 1673 634 506
1682 604 1696 642 ;
1724 590 1799 633 sed
1807 593 1951 646 potest

211 661 345 715 fuisse
383 661 512 703 etiam
549 674 672 704 soror
700 660 764 703 vel
804 661 940 703 amita
969 662 1070 704 eius.
1101 686 1158 692 -—
1187 662 1401 704 Incertum
1432 675 1490 704 an
1518 660 1622 703 haee
1653 660 1776 714 Serg.
1810 657 1947 709 Paul„

213 730 334 772 cuius
366 729 546 786 praedia
573 737 872 772 memorantur
901 731 948 773 in
974 730 1115 786 tegula
1136 731 1243 773 anni
1261 734 1341 774 134
1361 731 1409 773 Χ
1418 730 1460 773 V
1473 733 1567 774 516.
1613 729 1725 772 Item
1743 729 1948 771 incertum

212 813 270 841 an
298 798 402 842 haec
431 798 632 841 Paullina
664 800 788 842 cuius
819 815 970 842 servus
1003 799 1072 842 VI
1094 803 1215 843 9505.

125 868 211 911 384
241 873 424 910 SERGIA
464 874 749 910 PLAVTILLA
788 868 994 911 Laenatis
1023 868 1113 911 filia
1143 869 1213 924 (G.
1245 869 1412 913 Octavii
1439 868 1660 918 Laenatis,
1693 870 1742 910 ut
1769 865 1946 916 videtur,

213 937 268 991 ef.
300 950 434 992 supra
465 936 500 980 O
520 935 610 992 29),
651 943 790 979 mater
820 938 923 994 imp.
954 938 1126 981 Nervae
1158 938 1356 982 Caesaris
1387 937 1502 993 Aug.
1534 940 1563 980 t.
1593 936 1785 979 urbanus
1820 933 1948 978 Orell.

213 1009 297 1048 777
324 1025 381 1040 =
410 1004 582 1048 Dessau
611 1006 738 1049 inser.
769 1006 840 1050 sel.
870 1009 968 1050 281.

128 1074 214 1118 385
246 1074 395 1117 Serius
414 1074 671 1130 Augurinus
703 1076 723 1118 ὁ
745 1078 959 1133 κράτιστος,
992 1075 1108 1118 filius
1130 1076 1279 1119 Aeliae
1301 1075 1517 1120 Caeciliae
1543 1074 1773 1131 Philippae
1802 1076 1830 1116 t.
1851 1072 1945 1115 sub-

210 1144 415 1194 urbanus,
434 1144 572 1187 Inser.
593 1143 670 1188 Gr.
685 1144 808 1188 Sieil.
821 1145 922 1189 Ital.
937 1149 1053 1188 1346.
1078 1146 1143 1188 Iis
1158 1147 1230 1200 qui
1249 1149 1478 1200 sequuntur
1492 1145 1772 1200 posteriorem
1786 1141 1949 1185 iudicat

208 1212 471 1269 Boryhesius
497 1227 590 1268 opp.
613 1216 639 1256 6
658 1229 706 1268 p.
727 1217 832 1266 300;
862 1215 917 1268 ef.
949 1215 1078 1257 etiam
1108 1229 1241 1270 supra
1264 1216 1337 1257 sub
1359 1215 1490 1257 Aelia
1516 1213 1706 1257 Caecilia
1723 1211 1945 1266 Philippa.

124 1282 208 1325 386
240 1288 282 1324 C.
315 1287 490 1324 SERIVS
531 1288 821 1325 AVGVRINVS
863 1283 1014 1326 consul
1055 1283 1300 1326 ordinarius
1347 1299 1385 1325 a.
1434 1284 1509 1325 132
1555 1296 1655 1324 cum
1696 1280 1744 1324 C.
1786 1279 1943 1323 Trebio

210 1350 421 1406 Sergiano
462 1351 571 1405 fasti
609 1350 716 1404 (tria
752 1352 928 1395 nomina
970 1352 1039 1395 VI
1059 1356 1214 1396 10299.
1260 1352 1308 1395 Χ
1335 1355 1456 1395 6485.
1496 1350 1668 1394 Dessau
1703 1351 1830 1392 inser.
1872 1348 1944 1391 sel.

206 1434 249 1463 n.
271 1422 410 1471 2181;
440 1452 451 1463 .
469 1452 480 1463 .
499 1453 509 1463 .
528 1453 538 1463 .
557 1436 607 1463 us
639 1420 790 1464 Serius
818 1421 1104 1477 Auguri[nus]
1135 1422 1301 1465 videtur
1332 1435 1417 1464 esse
1437 1421 1518 1465 XI
1527 1423 1658 1470 3221,
1689 1422 1736 1461 ut
1767 1419 1946 1461 alterum

203 1488 468 1544 yentiliei'um
499 1490 539 1532 ei
566 1489 728 1544 suerio.
790 1489 923 1533 Pater
952 1490 1118 1533 videtur
1147 1492 1237 1533 eius
1266 1491 1339 1544 qui
1366 1491 1565 1544 sequitur.

120 1557 204 1600 387
237 1563 278 1600 C.
312 1564 489 1600 SERIVS
520 1564 810 1601 AVGVRINVS
843 1559 994 1602 consul
1026 1559 1116 1602 ord.
1149 1575 1186 1602 a.
1222 1561 1302 1602 156
1334 1575 1434 1601 cum
1464 1559 1524 1602 M.
1552 1558 1731 1602 Ceionio
1763 1555 1945 1599 Silvano

205 1627 314 1681 fasti
342 1627 449 1683 (tria
477 1628 651 1670 nomina
684 1627 752 1671 VI
765 1632 874 1679 222,
907 1628 1069 1686 Σέρριος
1090 1628 1355 1687 Αὐγουρεῖνος
1386 1632 1414 1671 t.
1442 1627 1675 1683 Cyanensis
1695 1625 1853 1680 Lyciae
1875 1638 1943 1678 ap.

205 1695 446 1738 Kalinkam
482 1696 658 1739 Emnos
697 1697 873 1740 Vindob.
896 1713 946 1753 p.
979 1701 1054 1752 84,
1092 1701 1322 1753 praeterea
1351 1695 1636 1752 Augurinus).
1702 1691 1944 1737 Proconsul

204 1763 381 1807 Africae
408 1780 446 1809 a.
471 1766 553 1809 170
584 1766 672 1810 eod.
695 1767 804 1809 Iust.
834 1770 874 1817 3,
895 1770 962 1817 31,
984 1771 1023 1811 1.
1086 1767 1222 1810 Pater
1251 1767 1417 1810 videtur
1445 1767 1535 1809 eius
1564 1766 1637 1820 qui
1665 1764 1865 1819 sequitur.

118 1833 203 1877 388
235 1840 313 1877 CN.
338 1840 514 1877 SERIVS
545 1841 838 1878 OPPIANICVS
864 1836 1185 1892 AVGVRINV[S]
1218 1835 1349 1879 salius
1372 1835 1598 1878 Palatinus
1628 1834 1768 1876 faetus
1799 1847 1838 1874 a.
1862 1831 1940 1874 181

211 1902 281 1946 VI
298 1906 422 1946 1979.

119 1971 203 2014 389
235 1977 447 2014 SERNIVS
471 1979 699 2024 QVARTVS
724 1974 892 2028 (nomen
920 1975 1183 2030 qentilioium
1207 1975 1279 2017 vix
1298 1987 1478 2026 sanum,·
1506 1974 1688 2028 fortasse
1711 1971 1944 2016 Stertinius

206 2040 412 2094 QuartuS,
436 2042 490 2096 ef.
513 2042 664 2097 infra),
693 2044 926 2100 proconsul
954 2051 1002 2086 ut
1022 2043 1211 2092 videtur,
1243 2050 1360 2086 certe
1390 2057 1563 2100 praeses
1589 2041 1841 2098 provinciae
1862 2038 1942 2081 sub

208 2109 397 2152 Traiano
423 2110 640 2165 Ulpianus
667 2111 776 2154 libro
805 2115 949 2155 octavo
976 2113 1025 2155 de
1051 2113 1194 2168 officio
1210 2111 1494 2167 proconsulis,
1520 2110 1622 2166 Diy.
1641 2113 1709 2161 48,
1727 2113 1794 2161 18,
1815 2112 1853 2160 1,
1873 2112 1940 2151 11.

118 2179 203 2221 390
234 2178 423 2222 Serrana
452 2179 639 2222 Procula
669 2181 869 2232 (Sarran-
901 2196 988 2236 pro
1020 2181 1199 2225 Serran-
1230 2194 1340 2223 unus
1370 2195 1391 2223 e
1421 2180 1670 2234 codicibus),
1713 2179 1940 2232 Patavina,

204 2254 342 2290 mater
371 2249 418 2291 P.
451 2248 602 2304 Acilii,
643 2265 791 2292 socrus
822 2251 990 2293 Minicii
1021 2251 1227 2305 Macrini,
1266 2251 1366 2292 avia
1394 2249 1575 2291 Minucii
1605 2247 1793 2291 Aciliani
1823 2246 1942 2290 Plin.

206 2331 267 2371 ep.
290 2320 416 2368 1,14,
439 2321 476 2360 6.

118 2385 199 2427 391
231 2385 468 2437 Serranus,
509 2388 675 2429 amicus
711 2387 902 2430 Senecae
934 2402 1103 2431 carmen
1126 2388 1319 2443 ,Senecae
1347 2391 1395 2430 ut
1433 2387 1598 2430 videtur
1628 2385 1943 2430 attribuendum

206 2453 444 2509 (Baehrens
470 2455 628 2499 Poetae
658 2457 757 2501 Lat.
789 2458 889 2501 min.
922 2457 1002 2500 IV
1015 2472 1064 2512 p.
1088 2460 1174 2514 72).

120 2522 204 2566 392
237 2521 450 2567 Serranus
491 2525 728 2579 (Sarranus
761 2540 874 2581 pars
914 2526 1104 2569 codicum
1143 2541 1212 2582 ap.
1247 2527 1364 2577 Iuv.,
1405 2526 1606 2568 serranus
1646 2525 1711 2568 vel
1744 2524 1944 2566 farranus

206 2591 396 2635 traditur
427 2607 497 2648 ap.
525 2594 706 2649 Quint),
746 2601 872 2651 poeta
903 2596 1050 2651 epicus
1077 2596 1218 2649 Quint.
1252 2598 1318 2646 10,
1352 2598 1390 2645 1,
1419 2597 1488 2639 89.
1550 2594 1724 2651 Pauper
1754 2593 1944 2636 Juvenal.

207 2663 244 2712 7,
276 2663 346 2704 80.
395 2662 632 2705 Immature
663 2663 893 2706 defunctus
921 2664 1096 2718 Quintil.
1131 2664 1154 2706 l.
1189 2678 1222 2707 e.
1254 2664 1348 2719 (eur
1378 2663 1586 2706 diversum
1616 2662 1725 2705 hune
1747 2665 1946 2717 putemus

205 2743 233 2771 a
266 2729 459 2773 Serrano
479 2745 674 2786 paupere
695 2735 828 2786 poeta
855 2733 1083 2787 Iuvenalis,
1114 2732 1236 2775 nulla
1264 2734 1425 2788 eausa).

131 2821 190 2827 —
231 2797 394 2841 Atilius
426 2798 656 2843 Serranus.

131 2889 189 2896 —
233 2866 456 2921 (Nomvs)
485 2875 746 2912 ASPRENAS
780 2876 1092 2912 CALPVRNIVS
1127 2871 1435 2926 SER[R]ANVS.

131 2959 189 2965 —
232 2936 408 2979 Betutia
438 2937 700 2981 Sertoriana.

118 3003 202 3046 393
233 3004 465 3062 Sertorius,
497 3008 678 3049 maritus
708 3006 891 3050 Bibulae
921 3008 1139 3050 Iuvenalis
1169 3012 1206 3056 6,
1240 3011 1336 3051 142.

118 3073 203 3116 394
232 3080 272 3119 G.
297 3081 574 3118 SERTORIVS
606 3076 898 3132 BRoo[oH]vs
930 3075 1099 3134 (Βρόκλ-
1122 3077 1271 3120 lectum
1302 3081 1362 3120 est
1391 3079 1437 3121 in
1464 3092 1632 3121 nummo
1663 3094 1740 3135 pro
1772 3079 1940 3138 Βρόκχ-)

205 3143 435 3200 proconsul
467 3146 612 3187 nescio
644 3146 766 3187 cuius
799 3147 1049 3202 provinciae
1080 3146 1160 3189 sub
1182 3145 1366 3189 Claudio
1396 3161 1591 3190 nummus
1611 3147 1838 3204 (Peryamo
1858 3164 1942 3192 non

204 3216 314 3255 recte
345 3213 593 3268 attributus)
626 3228 693 3268 ap.
730 3214 928 3257 Mionnet
956 3216 1018 3258 II
1038 3218 1120 3258 596
1148 3230 1188 3258 n.
1209 3219 1304 3259 549.

119 3279 202 3322 395
244 3287 321 3325 CN.
365 3283 675 3338 SERTO[RIVS]
725 3284 1015 3340 BROCGH[VS]
1062 3291 1297 3337 AQVILIVS
1348 3292 1603 3329 AGRICOLA
1654 3286 1938 3343 PED[AN]1VS

205 3350 421 3406 Fv[sovs]
469 3352 786 3407 SALINAT[0R]
834 3359 999 3395 IVLIVS
1043 3360 1345 3410 SERVIANVS,
1389 3355 1438 3399 O.
1475 3355 1504 3398 f.
1546 3359 1573 3400 t.
1606 3355 1792 3399 Docleas
1830 3356 1938 3401 Dal-
