2242 3672
133 236 398 276 SEPTIMIVS
779 232 783 236 ’
999 234 1050 276 21
1059 234 1079 275 l
1687 236 1952 274 SEPTIMIVS

217 385 399 427 regnum
427 385 554 412 suum
575 370 695 412 ocius
712 386 758 412 se
774 372 938 428 recepit
952 372 1023 414 vit.
1048 371 1271 414 Valeriani
1286 371 1312 414 l.
1329 386 1362 416 e.
1396 370 1466 414 Ob
1488 370 1565 413 has
1588 385 1656 412 res
1677 369 1789 412 bene
1808 377 1952 425 gestas

215 441 430 498 στρατηγὸς
468 443 539 496 τῆς
577 440 684 486 ἑώας
724 455 750 482 a
785 439 984 483 Gallieno
1024 440 1267 497 appellatus
1310 440 1529 496 Syueellus
1558 455 1607 495 p.
1641 443 1720 482 716
1731 453 1744 491 ,·
1788 439 1948 482 Zonar.

214 513 284 561 12,
301 512 359 551 23
379 508 507 562 (idem
526 508 680 550 iterum
699 512 909 551 narratur
930 524 957 552 a
972 509 1150 552 Zouara
1170 513 1240 560 12,
1257 513 1316 553 24
1326 512 1430 564 post
1448 509 1670 551 victoriam
1693 508 1742 551 cle
1764 507 1929 563 Quieto)
1940 521 1953 560 ;

214 593 307 621 vere
325 577 490 620 videtur
505 577 745 632 appellatus
765 591 850 620 esse
870 578 917 620 iu
936 578 1107 622 Oriente
1123 577 1579 636 στρατηγὸςῬωμαίων,
1598 578 1651 632 ef.
1664 578 1799 631 iufra.
1825 578 1953 620 Iussu

217 647 405 693 Gallieni
438 647 598 691 Zonar.
625 649 695 697 12,
717 650 788 697 24,
823 648 961 702 ‘quasi
988 647 1175 691 Gallieni
1206 655 1351 705 partes
1373 647 1632 690 vindicaret‘
1662 647 1759 701 triy.
1786 649 1866 702 tyr.
1886 649 1951 697 14,

216 723 367 760 contra
387 716 593 770 Quietum
612 721 656 758 et
675 714 901 758 Ballistam
919 717 1140 773 profectus
1165 717 1237 759 vit.
1266 716 1452 760 Gallieu.
1473 719 1512 767 3,
1534 720 1573 767 1,
1606 716 1766 759 Zonar.
1788 719 1859 766 12,
1881 718 1951 766 24,

216 801 288 829 eos
319 786 534 829 Hemesae
564 785 734 828 obsedit
771 799 857 828 eaee.
884 789 987 840 post
1024 785 1209 828 Diouem
1249 785 1354 841 (Dio
1385 786 1446 830 eol.
1478 785 1679 840 Diudorf
1705 788 1731 828 5
1753 799 1800 839 p.
1823 786 1955 840 225),-

216 855 415 899 Zonaras
447 855 472 897 l.
506 868 552 909 e.,
596 860 640 896 et
669 853 896 897 Ballistam
928 854 1146 897 interfecit
1178 854 1363 907 Zonar.;
1393 855 1578 909 Quietus
1609 854 1664 898 ab
1694 853 1952 897 Hemesenis

215 925 380 968 occisus
420 924 493 966 vit.
527 923 715 967 Gallieu.
743 926 793 975 3,
836 923 997 966 Zouar.
1035 923 1062 966 l.
1104 938 1138 966 e.
1183 925 1433 981 (utrumque
1473 923 1690 967 interfecit
1729 924 1824 978 triy.
1870 926 1949 977 tyr.

215 998 290 1045 14,
322 997 373 1046 1;
413 992 572 1047 Quieto
615 993 756 1036 occiso
797 992 1004 1035 Ballistae
1044 994 1214 1035 veniam
1255 993 1375 1036 dedit
1417 994 1514 1048 triy.
1546 996 1626 1048 tyr.
1658 994 1722 1044 15,
1754 996 1792 1036 4.
1831 994 1896 1042 18,
1929 995 1953 1034 1

215 1064 270 1118 ef.
291 1064 363 1105 vit.
386 1061 574 1106 Gallieu.
594 1063 654 1117 3).
706 1062 875 1105 ‘Totius
906 1077 1042 1118 prope
1074 1062 1207 1117 igitur
1228 1062 1418 1105 Orientis
1450 1062 1590 1104 factus
1613 1068 1678 1104 est
1700 1062 1950 1117 imperator'

212 1134 285 1176 vit.
319 1131 505 1176 Gallieu.
535 1135 574 1182 3,
605 1134 645 1174 3.
718 1130 1016 1187 ‘Odaenathus
1068 1146 1146 1173 rex
1186 1131 1547 1187 Palmyrenorum
1593 1130 1780 1173 obtinuit
1825 1130 1956 1172 totius

216 1202 394 1245 orientis
425 1201 669 1258 imperium’
702 1201 774 1243 vit.
814 1200 999 1244 Gallim.
1034 1204 1101 1252 10,
1138 1205 1186 1252 1;
1226 1201 1281 1254 ef.
1318 1201 1374 1243 ib.
1409 1204 1446 1251 1,
1484 1204 1534 1252 1,-
1574 1201 1671 1254 triq.
1705 1203 1784 1255 tyr.
1817 1201 1883 1250 15,
1915 1202 1954 1242 1.

217 1271 356 1314 ‘Inter
395 1270 522 1325 haee,
569 1271 692 1327 quasi
734 1269 923 1313 Gallieni
964 1277 1109 1327 partes
1152 1276 1322 1325 ageret,
1369 1277 1526 1312 cuneta
1570 1269 1710 1311 eidem
1754 1268 1956 1310 nuntiare

213 1356 270 1384 ex
299 1342 486 1383 veritate
516 1339 718 1383 faciebat’
743 1340 815 1382 vit.
846 1339 1031 1384 Gallim.
1053 1342 1092 1390 3,
1114 1342 1152 1382 5.
1203 1338 1450 1396 Adsumpto
1482 1339 1657 1381 nomine
1688 1337 1823 1393 regali
1857 1352 1956 1379 eum

216 1425 354 1453 uxore
386 1417 428 1453 et
457 1409 558 1452 filiis
589 1416 740 1452 contra
771 1409 927 1451 Persas
958 1408 1177 1466 profectus
1210 1409 1306 1464 triq.
1341 1412 1419 1463 tyr.
1447 1410 1512 1459 15,
1543 1410 1588 1459 2,
1620 1408 1766 1450 statim
1795 1405 1955 1448 bellum

214 1480 359 1522 Persis
392 1479 551 1521 indixit
575 1479 647 1522 vit.
677 1477 870 1521 Gallieni
887 1481 953 1530 10,
975 1482 1006 1521 2
1037 1478 1128 1533 (sub
1162 1492 1274 1520 auno
1304 1480 1421 1534 264).
1473 1476 1662 1519 Nisibim
1695 1483 1738 1518 et
1767 1474 1956 1518 Carrhas

214 1549 444 1606 occupavit
463 1548 536 1590 vit.
566 1547 753 1591 Gallim.
775 1551 842 1598 10,
864 1550 891 1590 3
922 1548 976 1602 ef.
999 1550 1071 1598 12,
1093 1550 1132 1598 1,
1166 1547 1262 1602 triy.
1287 1549 1366 1602 tyr.
1388 1549 1453 1596 15,
1475 1549 1502 1588 3
1535 1545 1738 1600 (Nisibim
1764 1545 1809 1586 vi
1842 1545 1956 1601 cepit

216 1625 259 1661 et
290 1618 427 1660 diruit
457 1617 555 1661 Zos.
577 1620 616 1668 1,
637 1620 721 1672 39),
755 1616 1113 1673 Mesopotamiam
1141 1617 1305 1673 recepit
1333 1616 1516 1670 Eutrop.
1544 1618 1583 1665 9,
1606 1618 1661 1657 10
1693 1613 1806 1670 (iude
1834 1613 1953 1657 Oros

218 1691 255 1739 7,
276 1690 351 1738 22,
373 1689 462 1743 12),
496 1687 592 1741 triy.
616 1689 695 1741 tyr.
723 1688 787 1736 15,
808 1689 836 1728 3
866 1686 922 1740 ef.
953 1686 1025 1728 vit.
1055 1684 1242 1728 Gallieu.
1276 1689 1338 1735 12,
1361 1688 1400 1727 1.
1459 1683 1785 1740 Ctesiphontem
1817 1697 1956 1740 usque

215 1757 462 1814 penetravit
494 1756 567 1798 vit.
603 1754 790 1798 Gallieu.
820 1759 887 1805 10,
921 1758 959 1798 6.
996 1757 1072 1805 12,
1105 1758 1153 1805 1,
1195 1755 1293 1809 triy.
1327 1757 1403 1810 tyr.
1430 1757 1495 1804 15,
1527 1757 1567 1796 4.
1597 1756 1665 1803 30,
1698 1756 1735 1803 6,
1772 1752 1954 1806 Eutrop.

216 1830 254 1878 9,
277 1829 344 1877 10,
380 1825 486 1879 Rus.
508 1824 665 1867 Festus
683 1827 751 1875 23,
785 1824 1070 1879 Hieronymus
1094 1823 1119 1868 l.
1147 1837 1194 1874 6.,
1235 1824 1354 1867 Oros.
1386 1823 1414 1866 l.
1446 1837 1493 1877 e.,
1525 1822 1593 1864 bis
1626 1820 1955 1878 Ctesiphontem

217 1910 355 1953 usque
385 1894 597 1951 processit
627 1893 786 1937 Zosim.
816 1897 854 1944 1,
881 1896 956 1944 39;
990 1892 1318 1949 Ctesiphontem
1349 1892 1576 1934 obsidione
1605 1891 1661 1933 ad
1691 1890 1956 1932 deditionem

217 1965 359 2020 coegit
399 1964 625 2021 (πολιορκίᾳ
665 1964 1039 2020 παραστησάμενος)
1073 1961 1293 2017 Syncellus
1314 1976 1362 2016 p.
1384 1964 1463 2003 716
1494 1960 1556 2004 ed.
1588 1960 1728 2002 Boura.
1795 1958 1955 2015 Captos

217 2040 414 2091 satrapas
446 2032 648 2076 Gallieno
689 2033 806 2074 misit
844 2033 916 2076 vit.
956 2031 1142 2075 Gallieu.
1175 2034 1241 2081 10,
1275 2034 1313 2073 4.
1374 2030 1675 2072 Memorantur
1710 2044 1777 2070 res
1807 2034 1955 2083 gestae

215 2101 462 2147 Odaenathi
500 2108 652 2144 contra
682 2103 838 2144 Persas
868 2101 1081 2143 Libauius
1112 2115 1174 2154 ep.
1211 2102 1308 2150 925,
1350 2098 1530 2153 Proeop.
1564 2098 1656 2142 bell.
1687 2097 1808 2140 Pers.
1840 2100 1883 2147 2,
1914 2100 1953 2147 5,

214 2171 372 2227 Ayath.
403 2175 443 2222 4,
474 2173 544 2214 24.
605 2171 753 2225 (Dona
784 2170 938 2226 Sapori
980 2170 1100 2211 misit
1141 2175 1183 2211 et
1221 2167 1387 2210 litteras
1419 2168 1738 2220 excusatorias3
1782 2180 1894 2222 quae
1930 2181 1956 2207 a

217 2241 383 2298 Sapore
425 2239 712 2297 repudiantur
751 2238 907 2282 Petrus
948 2238 1112 2280 Patrio.
1152 2238 1208 2292 fr.
1240 2241 1306 2287 10,
1345 2252 1413 2291 ap.
1448 2236 1613 2278 Muller
1641 2236 1699 2289 fr.
1730 2235 1768 2277 h.
1798 2234 1951 2278 Grae&

215 2310 249 2353 I
254 2309 295 2352 V
308 2324 355 2365 p.
378 2310 490 2364 187).
552 2309 657 2351 Post
697 2308 885 2350 reditum
926 2307 979 2349 de
1021 2305 1199 2348 Perside
1231 2321 1328 2348 cum
1363 2306 1456 2361 ipso
1492 2304 1605 2347 filius
1638 2305 1728 2346 eius
1758 2303 1954 2345 Herodes

215 2379 451 2435 imperator
481 2377 725 2434 appellatus
757 2378 854 2431 triq.
880 2380 958 2431 tyr.
981 2378 1046 2426 15,
1068 2378 1107 2418 5.
1171 2375 1224 2417 A.
1253 2375 1336 2417 265
1370 2373 1597 2418 Gallienus
1629 2373 1786 2415 certior
1815 2372 1954 2414 factus

218 2447 272 2490 de
312 2447 442 2489 rebus
481 2447 536 2489 ab
567 2446 823 2490 Odaenatho
866 2445 1022 2500 gestis,
1066 2444 1323 2500 participato
1366 2443 1546 2499 imperio
1578 2441 1827 2497 Augustum
1856 2455 1955 2483 eum

218 2518 393 2560 vocavit
419 2517 598 2573 eiusque
626 2522 855 2565 monetam,
888 2530 976 2571 qua
999 2514 1152 2555 Persas
1184 2520 1331 2569 captos
1363 2511 1566 2565 traheret,
1598 2510 1698 2553 cudi
1729 2511 1853 2552 iussit
1882 2511 1954 2553 vit.

225 2585 411 2630 Gallieri.
445 2589 515 2636 12,
543 2588 583 2627 1.
646 2584 733 2627 Sed
769 2598 899 2637 neque
941 2582 1048 2625 tales
1083 2582 1246 2624 nummi
1284 2584 1431 2624 extant
1467 2595 1597 2635 neque
1633 2579 1716 2622 ulli
1754 2580 1834 2622 alii
1862 2594 1955 2622 eum

213 2655 381 2698 nomine
401 2654 643 2697 Odaenathi
662 2654 733 2708 (ef.
749 2652 885 2696 Sallet
899 2652 966 2694 (lie
982 2651 1168 2693 Fursteu
1187 2665 1267 2693 von
1285 2650 1493 2705 Palmyra
1504 2651 1620 2705 p.8),
1642 2649 1753 2691 uncle
1776 2652 1954 2703 apparet

218 2723 514 2768 Odaenathum
546 2723 599 2765 ab
631 2722 820 2777 Auyusti
858 2724 896 2764 et
935 2721 1168 2763 honoribus
1205 2723 1244 2763 et
1277 2719 1480 2762 vocabulo
1515 2718 1780 2761 abstinuisse.
1853 2718 1955 2760 Vere

213 2793 378 2835 videtur
424 2791 637 2847 appellari
673 2790 852 2833 voluisse
893 2789 1097 2849 βασιλεύς,
1147 2789 1424 2845 αὐτοκράτωρ,
1466 2788 1684 2845 στρατηγὸς
1724 2785 1952 2843 Ῥωμαίων,

213 2864 366 2917 quibus
398 2860 756 2916 appellationibus
774 2862 876 2914 post
904 2862 1079 2901 mortem
1113 2859 1203 2900 eius
1232 2857 1348 2912 filius
1378 2871 1499 2911 quem
1522 2855 1756 2911 parvulum
1782 2855 1954 2908 reliquit

213 2945 315 2974 usus
359 2934 418 2974 est
455 2930 525 2985 (ef.
557 2930 680 2983 infra
718 2928 794 2971 sub
837 2927 1042 2982 Septimio
1085 2925 1371 2981 Vaballatho).
1432 2925 1537 2968 Post
1576 2928 1750 2968 mortem
1792 2938 1820 2965 a
1863 2923 1954 2965 suis

217 2999 457 3055 appellatus
506 3005 600 3040 ‘rex
646 3003 814 3052 regum‘
864 2999 891 3039 t.
933 2998 975 3040 2.
1020 3019 1079 3026 —
1123 2994 1305 3038 Occisus
1351 2994 1407 3037 ab
1451 2994 1535 3037 alio
1580 2993 1768 3050 quodam
1813 2991 1954 3034 Odae-

216 3069 346 3111 natho
379 3066 561 3122 Syncell.
588 3081 638 3121 p.
671 3069 771 3116 717,
820 3065 986 3107 occisus
1031 3065 1144 3106 inter
1189 3063 1338 3120 epulas
1382 3079 1408 3105 a
1452 3063 1598 3105 fratris
1640 3061 1728 3116 (vel
1774 3060 1951 3114 sororis)

216 3138 303 3180 filio
350 3137 508 3179 Zonar.
543 3138 613 3186 12,
649 3138 719 3185 24,
761 3135 833 3191 qui
878 3140 921 3175 et
964 3134 1056 3189 ipse
1095 3147 1198 3174 mox
1242 3132 1493 3174 interfectus
1535 3130 1731 3186 Syueell„
1768 3130 1955 3180 Zonar.,·

215 3207 345 3264 periit
380 3205 563 3247 Emesae
594 3218 672 3260 per
702 3202 895 3254 insidias,
927 3216 1025 3244 eum
1060 3201 1174 3243 diem
1205 3201 1366 3242 festum
1397 3200 1586 3257 aliquem
1617 3205 1764 3254 ageret
1794 3198 1950 3240 Zosim.

216 3278 254 3325 1,
285 3278 363 3326 39;
405 3274 690 3328 interemptus
731 3271 899 3313 insidiis
933 3269 1182 3312 consobrini
1216 3270 1282 3311 sui
1313 3270 1384 3313 vit.
1415 3269 1600 3312 Gallieu.
1632 3270 1697 3318 13,
1726 3271 1764 3317 1,
1797 3282 1822 3309 a
1852 3281 1952 3308 con-

216 3344 391 3387 sobrino
431 3357 508 3385 suo
540 3341 740 3385 Maeonio
773 3341 869 3398 triy.
900 3343 979 3398 tyr.
1005 3342 1070 3392 15,
1101 3342 1140 3382 5.
1172 3342 1229 3380 17
1257 3339 1563 3395 (Mommseuus
1591 3337 1647 3379 R.
1668 3335 1721 3380 G.
1746 3335 1787 3378 V
1802 3349 1849 3389 p.
1870 3337 1952 3380 436

1606 3404 1676 3445 14*
