2242 3672
280 255 552 293 SEPVLLIVS
1141 242 1226 286 220
1509 240 1511 242 ’
1860 246 2086 283 SERENVS

281 388 364 430 360
396 385 614 442 Sepullius
642 385 812 436 Bassus,
846 381 991 423 rhetor
1020 379 1182 423 Seneca
1207 381 1339 421 contr.
1363 381 1399 428 7,
1417 381 1455 429 1,
1477 381 1543 421 16.
1565 381 1634 421 23.
1668 381 1705 429 7,
1729 381 1773 429 2,
1794 381 1833 421 1.
1866 381 1903 430 7,
1924 381 1964 430 5,
1984 381 2024 423 3.
2045 380 2086 421 8.

369 459 404 506 7,
439 458 474 504 6,
506 456 574 496 12.
615 455 653 502 7,
683 454 721 501 7,
753 454 818 492 17.
877 449 1091 492 Incertam
1127 462 1228 490 num
1267 447 1415 501 aliqua
1446 446 1674 502 parentela
1715 447 1958 489 coniunctus
1997 460 2089 489 eum

367 523 419 565 P.
461 521 648 576 Sepullio
689 519 864 569 Macro,
904 518 978 572 qui
1013 517 1258 559 nominatur
1296 516 1343 558 in
1383 516 1573 558 denariis
1611 516 1764 558 aetatis
1803 514 2089 558 Caesarianae

366 589 543 646 (Eckhez
570 591 609 639 5,
635 590 748 644 306).

294 685 351 690 —
394 666 445 701 M.
476 662 724 699 AVRELIVS
757 660 997 698 SERANVS.

294 754 350 758 —
394 734 435 770 T.
469 731 719 768 SVLPICIVS
752 729 993 766 SERANVS.

281 799 356 840 361
393 796 713 851 Serapammon,
744 792 905 847 legioni
937 799 1117 849 quartae
1146 792 1418 849 praepositus
1439 806 1465 833 a
1487 790 1708 836 Gordiano
1730 791 1802 833 vit.
1823 789 1955 833 Gora.
1971 792 2041 841 25,
2058 791 2091 834 2

366 864 499 920 (epist.
530 863 686 917 fictio).

280 936 362 977 362
394 933 606 988 Serapias,
643 929 942 972 Alexandrina
981 930 1147 985 mulier,
1188 931 1382 987 quinque
1412 928 1575 972 liberos
1606 943 1691 970 uno
1722 927 1813 970 fetu
1843 928 1995 982 enixa,
2035 926 2091 970 ad

364 1002 514 1044 divum
538 999 808 1042 Hadrianum
828 999 1051 1055 perducta·
1061 999 1200 1042 Gaias
1231 999 1340 1041 libro
1362 999 1506 1053 primo
1535 997 1950 1052 fideicommissorum
1969 994 2089 1052 (Diq.

365 1073 431 1121 34,
462 1072 501 1120 5,
532 1069 587 1123 7).
965 1066 967 1069 ·

280 1140 362 1182 363
395 1138 595 1194 Serapio,
637 1136 938 1193 philosophus,
983 1136 1155 1179 auditus
1194 1151 1220 1178 a
1260 1135 1452 1190 Lucilio,
1496 1142 1608 1177 ‘cum
1651 1136 1761 1177 istuc
1803 1134 2009 1190 &nielleye
2046 1135 2093 1177 in

365 1207 578 1262 Siciliam)
609 1205 902 1261 adplicuisset'
930 1205 1092 1248 Seneca
1111 1220 1172 1260 ep.
1195 1208 1261 1256 40,
1284 1208 1327 1248 2.
1373 1205 1588 1247 Incertam
1611 1218 1712 1246 num
1741 1203 1851 1246 idem
1875 1204 2090 1261 Σαραπίων

366 1277 531 1321 στωικὸς
561 1273 825 1331 Ἱεραπολίτης
856 1274 1000 1329 steph.
1031 1274 1136 1329 Byz.
1166 1288 1200 1316 s.
1231 1288 1268 1316 v.
1300 1273 1531 1330 Ἱεράπολις.

279 1347 364 1389 364
396 1344 589 1400 Serapio,
613 1344 776 1385 amicus
801 1343 1038 1396 Plutarchi,
1061 1343 1116 1386 ad
1139 1358 1269 1400 quem
1291 1342 1410 1384 dedit
1428 1341 1588 1384 librum
1613 1340 1668 1383 de
1685 1347 1739 1382 EI
1761 1340 1877 1397 apud
1898 1339 2093 1398 Delphos

365 1414 422 1456 ib.
454 1427 488 1455 e.
519 1415 545 1454 1
576 1412 638 1467 (p.
668 1411 813 1468 384d).
874 1412 1025 1466 Poeta,
1069 1411 1253 1454 Athenis
1295 1411 1495 1453 habitans
1527 1410 1649 1452 Plut.
1682 1409 1731 1452 de
1761 1408 1943 1464 Pythiae
1978 1421 2092 1452 orac.

362 1497 410 1537 10·
431 1484 511 1524 396
520 1488 546 1531 ⁰,
581 1483 737 1534 quaest.
762 1493 874 1524 conv.
896 1484 935 1531 1,
963 1484 1026 1531 10,
1048 1484 1074 1522 1
1095 1495 1143 1535 p.
1166 1483 1287 1524 62801.

280 1553 363 1595 365
398 1551 588 1606 Serapio,
621 1563 773 1604 magus
793 1548 1048 1605 Aegyptius,
1072 1548 1321 1592 Caracallae
1341 1547 1484 1605 paullo
1506 1554 1606 1590 ante
1625 1547 1891 1589 finemvitae
1910 1552 2093 1589 mortem

365 1618 604 1676 praedixit3
637 1616 691 1660 ob
722 1616 804 1659 hoc
834 1616 948 1659 leoni
975 1616 1181 1672 obiectus,
1216 1632 1314 1659 cum
1344 1617 1400 1659 ab
1431 1616 1514 1658 hoc
1543 1630 1630 1658 non
1660 1614 1916 1669 laederetur,
1948 1621 2093 1657 tamen

367 1687 534 1730 occisus
565 1685 654 1728 Dio
683 1688 750 1736 78,
781 1689 821 1728 4.

280 1757 364 1798 366
396 1755 596 1811 Serapio,
648 1754 813 1809 rhetor,
856 1770 941 1811 quo
982 1755 1027 1796 in
1066 1755 1209 1811 patria
1252 1769 1354 1796 usus
1395 1759 1460 1795 est
1500 1752 1689 1796 Severus
1727 1750 1980 1805 Alexander
2017 1751 2091 1794 vit.

366 1823 490 1866 Alex.
519 1826 558 1873 3,
589 1826 628 1865 3.

280 1892 362 1934 367
398 1891 559 1934 *Seras
581 1891 762 1948 (Σέρας-τ,
793 1905 943 1933 nomen
972 1892 1153 1945 fortasse
1185 1890 1459 1946 corruptam),
1491 1889 1783 1947 philosophus,
1815 1887 1983 1931 delator
2012 1886 2093 1930 sub

366 1960 627 2013 Domitiano,
665 1959 744 2002 sub
775 1959 922 2001 Nerva
952 1961 1105 2016 capitis
1137 1960 1364 2002 damnatus
1395 1959 1484 2002 Dio
1513 1961 1579 2009 68,
1610 1962 1647 2001 1.

278 2028 361 2071 368
394 2026 715 2083 Seraspadanes
745 2027 821 2082 (sie
850 2030 877 2071 t.
898 2028 1112 2080 arbanas;
1142 2029 1384 2086 Σαραπάδης
1401 2027 1464 2070 vel
1485 2028 1755 2084 Σαρασπάὸης
1785 2025 1948 2069 codices
1968 2025 2093 2069 Stra-

367 2096 516 2152 bonis),
541 2095 738 2137 Phraatis
759 2095 936 2138 Arsacis
958 2098 1072 2152 regis
1094 2111 1245 2152 regum
1265 2096 1392 2152 filius,
1415 2096 1600 2138 Parthus
1623 2099 1650 2137 t.
1666 2095 1859 2137 urbanus
1879 2094 1949 2137 VI
1959 2096 2069 2137 1799
2077 2106 2092 2146 ,·

367 2165 525 2208 Strabo
546 2167 607 2214 16,
630 2167 668 2215 1,
690 2167 809 2218 2810.
828 2167 920 2215 748,
954 2181 981 2207 a
1001 2172 1123 2221 patre
1144 2181 1231 2208 una
1254 2180 1354 2207 cum
1376 2164 1516 2207 tribus
1537 2163 1744 2206 fratribus
1764 2163 1889 2206 obses
1910 2161 2093 2206 traditus

364 2233 480 2276 Titio
519 2233 660 2287 legato
704 2233 857 2289 Syriae
898 2234 1031 2288 (eirea
1071 2249 1229 2277 armam
1268 2237 1368 2285 745,
1420 2234 1474 2287 ef.
1516 2233 1750 2275 Mommsen
1783 2246 1893 2274 mon.
1932 2231 2093 2286 Ancyr.

368 2301 429 2343 ed.
453 2305 484 2344 2
505 2316 552 2355 p.
573 2304 669 2357 141)
692 2301 851 2344 Strabo
873 2301 899 2346 l.
922 2316 954 2345 e.
978 2303 1049 2358 (ef.
1073 2304 1199 2345 etiam
1227 2317 1360 2358 supra
1388 2302 1464 2344 sab
1487 2301 1693 2352 Phraate,
1715 2300 1889 2358 P296).
1929 2299 2094 2350 Romae

369 2369 608 2423 defunctam
629 2383 714 2411 esse
740 2370 884 2424 eolliyi
904 2374 1046 2424 potest
1070 2371 1178 2422 mde,
1200 2371 1312 2426 quod
1330 2374 1359 2414 t.
1384 2371 1551 2420 citatas,
1574 2368 1822 2424 sepulcralis
1839 2369 1931 2411 >stim
1952 2368 2091 2419 dubio,

367 2438 432 2480 ibi
458 2441 647 2492 repertas
677 2441 747 2480 est.

295 2531 353 2536 --
397 2513 608 2548 VARINIA
639 2513 853 2550 SERENA.

296 2599 353 2604 ——
396 2574 546 2616 Aelius
579 2575 855 2618 Serenianus.

297 2667 354 2672 -—
397 2649 613 2685 LICINIVS
647 2650 978 2688 SERENIANVS.

297 2735 355 2740 —
376 2739 378 2741 -
397 2710 456 2754 M.
488 2711 625 2753 Iulius
657 2712 861 2755 Serenius
874 2713 945 2767 (P).

398 2778 598 2821 Amulius
630 2779 830 2825 Serenus.

299 2871 357 2877 —
402 2847 607 2889 Annaeus
640 2848 839 2891 Serenus.

400 2915 451 2957 T.
481 2915 697 2970 Fl(avius)
730 2916 934 2960 Serenus.

398 2982 563 3025 Lollius
595 2983 795 3029 Serenus,

400 3051 697 3094 Sammonicus
729 3053 927 3098 Serenus,

399 3119 452 3172 Q.
485 3120 780 3162 Sammonicus
813 3122 1012 3165 Serenus.

400 3188 635 3244 Septimius
668 3189 866 3234 Serenus,

398 3263 440 3299 T.
473 3264 756 3300 TETTIENVS
789 3265 1027 3302 SERENVS.

400 3324 448 3369 C.
482 3325 679 3368 Valerius
714 3326 913 3369 Serenus.

301 2940 355 2944 Ι
