2242 3672
242 246 454 284 SCRIBON
455 247 534 283 IVS
1105 238 1186 279 184
1752 245 1963 282 SCRIBON
1964 246 2044 283 IVS

324 377 440 422 Celsi
470 391 503 422 c.
534 379 599 419 94.
629 378 709 418 171
740 380 782 415 et
809 374 1058 430 Tryphonis
1093 388 1126 416 c.
1153 376 1245 430 175,
1287 373 1609 430 condiscipulus
1645 374 1817 431 (Vettii)
1847 375 2045 420 Valentis

323 461 356 489 c.
384 450 448 489 94.
498 445 646 499 Ipsum
673 457 845 497 quoque,
875 445 924 484 ut
951 442 1180 497 Apuleium
1211 441 1397 493 Celsum,
1429 456 1450 484 ε
1477 441 1633 485 Sicilia
1664 443 1886 486 oriundum
1914 445 2047 499 fuisse

323 514 497 557 coniecit
510 510 741 554 Buecheler
760 524 864 553 mus.
882 510 1015 552 Rhen.
1033 514 1101 561 37,
1118 513 1231 553 1882
1241 513 1390 564 φ.·321
1407 511 1604 566 (propter
1622 513 1849 555 mentiones
1870 512 2047 561 Siciliae

320 582 383 625 vel
411 595 551 624 rerum
581 579 839 629 Sicularum,
872 593 906 621 c.
932 582 1004 622 29.
1034 581 1101 620 30.
1135 582 1200 621 97.
1231 582 1341 636 163).

237 653 319 694 210
349 657 392 694 L.
415 654 706 691 SCRIBONIVS
729 653 857 702 LIBO,
881 648 931 690 L.
955 647 985 691 f.
1002 646 1091 690 Dio
1112 647 1199 689 inol.
1218 647 1245 690 l.
1261 651 1328 698 49,
1351 647 1574 690 familiaris
1589 649 1785 705 Pompeii
1802 665 1839 692 a.
1854 665 1895 693 11.
1909 665 1945 693 c.
1962 650 2044 693 698

322 718 405 762 Cic.
427 732 489 772 εφ.
512 716 569 759 acl
586 717 688 770 fam.
706 719 744 766 1,
762 719 800 767 1,
818 719 857 760 3.
889 716 1021 759 Socer
1038 716 1139 759 Sex.
1158 716 1353 773 Pompeii
1370 717 1482 771 (nati
1501 731 1613 760 anno
1631 720 1727 774 680)
1744 717 1935 773 Αφφὶανι.
1954 719 1992 764 b.
2011 732 2044 763 e.

320 790 359 838 5,
378 789 449 830 52.
471 789 535 829 73.
558 788 650 836 139,
685 784 774 827 Dio
791 787 860 835 48,
881 787 934 827 16
961 785 1109 840 (pater
1127 785 1261 839 iyitur
1282 785 1534 828 Scriboniae
1555 786 1748 838 alieuius,
1780 801 1886 841 quae
1907 790 2048 831 tamen

318 856 414 909 ipsa
427 867 654 908 numquam
669 856 944 904 memoratum
963 852 1128 895 violetur
1144 853 1344 907 defuncta
1359 866 1444 896 esse
1461 858 1558 897 ante
1575 868 1733 897 annum
1745 858 1838 906 718,
1855 869 1947 899 eum
1961 870 2047 899 non

321 925 571 965 memoretur
600 922 646 964 in
669 922 777 976 fuya
803 921 902 964 Sem.
928 921 1133 976 Pompeii,
1166 921 1255 964 Dio
1284 925 1351 973 49,
1377 926 1454 974 11,·
1485 927 1715 978 praeterea
1744 924 1854 966 Libo
1882 924 2048 968 videtur

318 992 449 1045 fuisse
461 994 591 1045 pater
607 990 696 1032 eius
709 990 783 1044 qui
795 990 1014 1044 sequitur).
1046 989 1168 1032 Bello
1185 989 1301 1032 civili
1320 997 1470 1033 exorto
1488 991 1681 1048 Pompeii
1702 998 1847 1049 partes
1869 998 2046 1035 secutus

321 1058 406 1103 C'ic.
430 1059 487 1101 ael
505 1058 596 1100 Att.
617 1062 653 1109 7,
676 1062 746 1108 12,
767 1062 811 1101 2.
830 1061 871 1109 8,
895 1058 1008 1108 11B,
1030 1061 1075 1102 2.
1102 1062 1140 1109 9,
1163 1062 1229 1110 11,
1251 1063 1289 1110 4,
1324 1058 1440 1103 Caes
1465 1060 1502 1102 b.
1525 1073 1559 1102 c.
1580 1063 1620 1112 1,
1641 1064 1714 1112 26,
1735 1076 1773 1104 a.
1798 1061 1879 1104 705
1900 1067 1943 1104 et
1963 1061 2046 1104 706

320 1127 504 1170 navibus
535 1127 899 1183 Pompeianorum
929 1135 1100 1183 praeest
1129 1128 1173 1169 in
1205 1128 1313 1169 mari
1343 1128 1597 1171 Hadriatico
1627 1128 1716 1171 Dio
1735 1132 1800 1180 41,
1821 1133 1900 1182 40,·
1925 1129 2046 1173 Caes.

324 1197 361 1239 b.
393 1209 426 1240 c.
455 1199 493 1247 3,
515 1199 553 1240 5.
575 1198 741 1247 15.18‚·
771 1195 893 1239 Plut.
924 1196 1027 1239 Ant.
1060 1199 1088 1238 7
1095 1209 1109 1248 ;
1141 1195 1230 1239 Dio
1258 1200 1324 1247 41,
1355 1198 1413 1239 48
1442 1200 1516 1241 eet.
1573 1196 1627 1241 A.
1661 1198 1743 1241 710
1780 1213 1927 1241 mense
1964 1198 2045 1242 lul.

319 1264 575 1308 Ciceronem
614 1271 656 1306 et
685 1265 872 1307 Brutum
908 1268 1114 1307 certiores
1149 1264 1273 1319 facit,
1308 1265 1413 1321 quid
1445 1265 1545 1308 Sex.
1572 1266 1804 1323 Pompeius
1831 1273 1933 1322 agat
1958 1265 2045 1310 Cic.

321 1333 379 1375 ad
396 1333 488 1375 Att.
510 1336 576 1383 16,
596 1337 635 1375 4.
666 1333 721 1376 A.
746 1333 830 1375 714
854 1333 1021 1388 Iuliam,
1049 1333 1109 1375 M.
1133 1334 1314 1376 Antonii
1335 1341 1527 1389 matrem,
1557 1349 1645 1376 una
1664 1350 1762 1377 cum
1783 1334 1878 1377 aliis
1895 1350 1922 1378 a
1943 1335 2046 1379 Sex.

318 1402 522 1458 Pompeio
552 1401 608 1443 ad
638 1401 697 1446 M.
729 1400 968 1444 Antonium
999 1401 1174 1444 deducit
1193 1401 1306 1456 Αφφ.
1331 1403 1368 1444 b.
1391 1416 1423 1446 e.
1443 1405 1483 1454 5,
1504 1405 1575 1446 52.
1630 1403 1795 1446 Eodem
1825 1418 1939 1446 anno
1969 1419 2048 1461 per

318 1470 479 1512 amicos
511 1469 783 1512 Scriboniam
813 1484 1000 1513 sororem
1033 1470 1209 1513 Caesari
1239 1478 1420 1527 nuptum
1453 1471 1528 1514 dat
1547 1471 1662 1527 Αφφ.
1686 1473 1723 1515 b.
1746 1486 1780 1515 e.
1801 1474 1840 1524 5,
1860 1475 1927 1524 53,
1957 1471 2049 1515 Dio

317 1541 383 1588 48,
406 1541 459 1581 16
479 1538 549 1594 (cf.
568 1539 644 1581 sub
668 1538 931 1593 Scribonia).
974 1538 1028 1584 A.
1054 1540 1135 1582 715
1155 1540 1445 1590 internuntius
1466 1541 1580 1583 inter
1601 1541 1702 1586 Sex.
1725 1542 1980 1598 Pompeium
2007 1547 2050 1584 et

316 1607 375 1651 M.
406 1606 666 1661 Antonium3
707 1607 865 1649 Miseni
900 1609 1108 1650 intererat
1137 1622 1235 1650 cum
1270 1615 1474 1663 ageretur
1502 1609 1556 1651 de
1585 1624 1692 1665 pace
1716 1609 1908 1665 Appian.
1942 1609 1980 1653 b.
2010 1623 2046 1653 o.

318 1678 356 1727 5,
380 1678 446 1718 69.
471 1678 536 1718 71.
577 1675 739 1718 Consul
761 1675 1015 1731 designatur
1034 1676 1227 1731 Appian.
1246 1676 1284 1719 b.
1300 1690 1333 1721 e.
1350 1679 1388 1728 5,
1409 1680 1473 1720 73.
1503 1677 1557 1720 A.
1575 1678 1657 1721 718
1676 1678 1777 1721 Sex.
1792 1678 2047 1735 Pompeium

318 1744 363 1785 in
388 1743 540 1787 Asiam
565 1750 748 1799 secutus,
781 1751 997 1800 postremo
1020 1744 1120 1788 Sex.
1143 1745 1338 1801 Pompeii
1369 1745 1497 1788 rebus
1518 1745 1757 1803 desperatis
1775 1746 1971 1801 'Antonio
2001 1761 2048 1790 se

316 1813 527 1868 permittit
536 1812 727 1867 Appian.
746 1813 783 1856 b.
801 1827 836 1855 c.
852 1816 891 1864 5,
909 1816 1002 1856 139.
1037 1812 1200 1856 Consul
1220 1828 1258 1855 a.
1274 1814 1355 1856 720
1377 1813 1468 1857 ord.
1486 1829 1585 1857 cum
1600 1815 1660 1858 M.
1677 1815 1868 1858 Antonio
1889 1816 2047 1858 iterum

317 1880 405 1923 Dio
420 1884 486 1932 49,
505 1883 573 1932 38,
595 1882 694 1923 item
714 1881 803 1924 ind.
826 1881 852 1924 l.
867 1885 921 1925 49
933 1895 947 1934 ,·
967 1883 1086 1936 fasti,
1110 1889 1153 1924 et
1173 1897 1270 1924 cum
1287 1882 1346 1926 M.
1364 1883 1581 1926 Antonius
1602 1884 1707 1940 ipsis
1728 1883 1816 1927 kal.
1832 1884 2047 1927 Ianuariis

317 1948 570 2004 abdicasset,
603 1964 701 1992 cum
731 1950 782 1994 L.
814 1950 1069 2007 Sempronio
1089 1950 1291 1993 Atratino
1311 1950 1400 1994 Dio
1420 1955 1486 2002 49,
1507 1954 1563 1994 38
1572 1965 1586 2004 ,·
1615 1953 1734 2006 fasti.
1782 1952 1939 1996 Postea
1960 1967 2047 1997 non

317 2021 585 2069 memoratur,
614 2032 690 2061 nee
711 2022 876 2061 constat
894 2033 996 2061 num
1015 2020 1295 2074 supervixerit
1314 2034 1489 2075 puynae
1508 2020 1727 2064 Actiacae.
1758 2021 1886 2064 Hunc
1907 2025 2047 2065 tamen

319 2100 403 2129 esse
432 2087 636 2129 Libonem
664 2091 940 2130 memoratum
974 2089 1088 2131 inter
1113 2089 1272 2142 fratres
1295 2088 1478 2131 Arvales
1502 2090 1548 2131 ’θη
1573 2090 1812 2145 fraymento
1839 2093 2043 2142 aetorwm,

317 2155 428 2209 quod
451 2155 509 2198 ad
532 2169 690 2198 annum
721 2159 800 2199 733
829 2160 1019 2211 spectare
1047 2157 1190 2208 voluit,
1222 2158 1398 2200 coniecit
1417 2158 1540 2200 Hula
1569 2159 1686 2201 arch.
1713 2173 1775 2214 εφ.
1797 2159 1947 2202 Mitth.
1968 2172 2048 2202 aus

316 2222 575 2266 Oesterreich
594 2227 709 2268 1892
720 2239 768 2279 φ.
785 2228 847 2268 27
864 2225 936 2281 (ef.
960 2226 1198 2268 Mommsen
1219 2225 1309 2280 εφΙι.
1332 2227 1362 2267 8
1382 2240 1430 2281 φ.
1450 2229 1544 2277 304,
1571 2227 1759 2270 Huelsen
1786 2227 1844 2272 ib.
1863 2242 1912 2283 φ.
1932 2229 2046 2285 318).

318 2291 522 2335 Fortasse
552 2292 622 2335 hic
651 2296 691 2335 et
706 2297 847 2347 pater,
878 2294 942 2336 vel
971 2297 1035 2350 (ut
1064 2295 1241 2337 coniecit
1270 2294 1509 2338 Mommsen
1539 2295 1597 2338 acl
1622 2295 1736 2341 CIL.
1758 2296 1793 2339 I
1813 2295 1947 2352 1224)
1977 2295 2046 2339 hie

319 2363 358 2402 et
386 2360 505 2415 filius
527 2361 578 2403 L.
602 2360 816 2404 Scribonii
837 2362 1029 2405 Libones
1059 2369 1183 2419 pater
1209 2369 1251 2405 et
1280 2363 1406 2418 filius,
1439 2366 1609 2420 patroni
1632 2364 1939 2420 Caudinorum,
1971 2365 2046 2421 qui

324 2430 385 2470 eis
416 2435 557 2471 turres
588 2431 869 2474 restituerunt
897 2432 978 2474 IX
1004 2435 1278 2482 2171-2173,
1310 2439 1352 2474 et
1382 2447 1566 2489 quorum
1592 2433 1701 2475 alter
1729 2432 1956 2476 basilicam
1987 2434 2047 2475 eis

322 2496 440 2538 dedit
460 2496 540 2539 IX
557 2500 679 2540 2174.
711 2499 819 2541 Item
837 2500 1021 2553 fortasse
1040 2500 1165 2543 huius
1188 2499 1268 2553 (vel
1286 2500 1386 2555 filii)
1402 2500 1585 2543 Libonis
1606 2501 1764 2544 ancilla
1783 2501 1853 2545 VI
1859 2504 1979 2545 4651.
1993 2525 2046 2531 —

326 2564 405 2607 Vix
433 2565 501 2607 hie
530 2565 653 2620 Libo,
686 2568 810 2619 cuius
838 2567 952 2610 ludis
977 2568 1181 2611 Valerius
1203 2568 1415 2612 Ostiensis
1446 2569 1708 2613 architectus
1739 2571 1903 2627 primus
1933 2569 2049 2613 thea-

320 2640 434 2675 trum
474 2634 633 2676 Romae
670 2637 779 2678 texit
808 2636 928 2679 Plin.
959 2637 998 2682 h.
1030 2651 1071 2680 n.
1103 2641 1172 2689 36,
1203 2641 1301 2682 102.
1336 2663 1386 2669 —
1418 2638 1560 2681 Plane
1599 2639 1804 2682 incertum
1840 2652 1943 2681 num
1979 2638 2048 2681 hic

321 2701 444 2755 Libo,
478 2703 600 2744 cuius
630 2703 829 2746 annalem
859 2706 904 2747 111
933 2706 1133 2749 manibus
1165 2705 1317 2749 habuit
1337 2706 1489 2750 Cicero
1520 2722 1634 2750 anno
1657 2708 1739 2750 709
1768 2706 1856 2750 Cic.
1879 2706 1937 2750 ad
1954 2706 2047 2751 Aa.

322 2773 387 2820 13,
409 2772 476 2820 30,
499 2773 539 2812 3.
569 2774 640 2821 32,
666 2775 706 2813 3.
731 2776 808 2824 44,·
837 2773 912 2816 sed
937 2775 1120 2827 fortasse
1149 2774 1217 2817 hie
1246 2774 1359 2817 Libo
1390 2789 1519 2832 quem
1549 2782 1768 2818 auctorem
1798 2782 1941 2819 certae
1971 2774 2048 2818 ali-

320 2838 442 2879 cuius
473 2838 536 2879 rei
565 2854 603 2880 a.
637 2840 717 2881 708
748 2849 895 2894 gestae
927 2843 1031 2885 citat
1050 2843 1240 2898 Appian.
1268 2844 1306 2887 b.
1328 2857 1362 2886 c.
1380 2847 1419 2895 3,
1444 2848 1509 2887 77.
1567 2844 1635 2899 Of.
1657 2844 1784 2887 Peter
1806 2845 1902 2887 hist.
1923 2844 2047 2888 Rom.

322 2905 439 2959 reliq.
462 2920 510 2960 φ.
540 2906 779 2951 C'GCLXI
783 2909 828 2960 V,
859 2910 956 2953 hist.
983 2911 1108 2954 Rom.
1135 2912 1292 2967 fraym.
1311 2927 1360 2967 φ.
1382 2915 1466 2956 198
1475 2926 1489 2964 ;
1524 2911 1685 2965 Teuffel
1703 2914 1808 2955 Mtt.
1829 2916 1927 2964 172,
1949 2916 1989 2956 6.

238 2974 317 3015 211
351 2979 395 3015 L.
419 2973 729 3027 (SCRIBONIVS
751 2979 887 3032 LIBO)
910 2985 1034 3034 pater
1064 2981 1156 3022 eius
1177 2981 1254 3036 qui
1285 2982 1481 3036 sequitur
1499 2980 1589 3024 Dio
1608 2981 1695 3024 ind.
1719 2981 1746 3023 l.
1767 2984 1834 3025 57.
1872 2981 2048 3025 Videtur

322 3041 454 3095 fuisse
483 3042 599 3096 filius
629 3043 717 3085 eius
744 3045 817 3097 qui
837 3047 1072 3099 praeeedit.

238 3110 321 3152 212
351 3116 396 3154 L.
419 3116 712 3153 SCRIBONIVS
743 3119 858 3155 LIBo
888 3129 973 3159 eos.
1005 3131 1043 3158 a.
1070 3118 1133 3160 16.
1157 3142 1212 3148 —
1233 3150 1270 3159 ..
1304 3117 1587 3172 [S]cribonius
1608 3117 1752 3173 Lib[0]
1772 3117 1854 3160 XI
1858 3117 2048 3170 V2502‚·

322 3178 368 3219 in
399 3178 618 3220 consulatu
645 3179 694 3222 L.
724 3179 975 3224 Scribonius
996 3184 1106 3226 Libo
1129 3185 1197 3228 VI
1203 3189 1358 3236 10237,
1389 3185 1478 3229 Dio
1504 3185 1591 3228 incl.
1619 3186 1646 3228 l.
1662 3189 1729 3237 57,
1762 3186 2048 3241 [S]cribonius
2236 3202 2242 3231 1

323 3246 436 3288 Libo
449 3246 673 3297 XV4610,
692 3248 800 3290 aaa·
819 3250 869 3293 L.
892 3251 1014 3306 Libo,
1038 3253 1089 3297 L.
1108 3254 1373 3309 scribonius,
1396 3254 1520 3297 Libo.
1537 3280 1592 3284 —
1606 3255 1659 3297 L.
1681 3254 1710 3297 f.
1731 3254 1820 3297 Dio
1839 3255 1927 3298 ind.
1949 3255 1976 3299 ι.
1993 3258 2051 3298 57
2230 3237 2242 3303 1

326 3315 468 3369 (nepos
487 3317 534 3356 ut
558 3314 721 3357 violetur
746 3317 929 3359 consulis
959 3334 999 3361 a.
1021 3334 1062 3362 u.
1085 3334 1117 3362 c.
1142 3325 1256 3376 720).
1309 3323 1471 3366 Consul
1502 3326 1530 3367 t.
1553 3324 1650 3378 ayri
1679 3323 1911 3367 Tusculani
1926 3322 2052 3366 XIV
2231 3304 2242 3348 Ἴ
