2242 3672
292 265 499 303 SERGIVS
1147 257 1231 298 222
1524 247 1526 250 ’
1911 261 2098 298 SERGIA

460 396 622 440 Consul
650 396 745 437 suff.
767 408 913 436 mense
940 393 1058 450 Sept.
1089 408 1126 435 a.
1154 393 1237 435 ine.
1269 407 1368 434 cum
1398 392 1575 447 (Nonio)
1606 391 1827 447 Torquato
1853 390 2098 447 Asprenate

378 466 446 508 VI
469 468 553 508 253
592 464 683 519 (sub
714 462 943 506 Hadriano
979 464 1054 503 aut
1082 460 1301 503 Antonino
1331 460 1437 512 Pio,·
1475 460 1585 503 illud
1614 460 1811 515 praefert
1838 460 2011 504 Henzen
2041 461 2100 504 ad

379 534 447 577 VI
458 536 554 583 253,
586 532 660 574 sed
679 534 858 586 propter
888 543 1060 572 causam
1089 529 1210 572 valde
1239 529 1476 584 incertam).
1522 528 1762 572 Proconsul
1791 528 1923 571 Asiae
1945 529 2098 573 Melita

374 618 440 657 ap.
472 601 703 644 Eusebium
732 599 827 641 hist.
860 599 954 642 eccl.
979 602 1018 649 4,
1038 601 1109 649 26,
1130 601 1158 640 3
1187 598 1280 654 (ubi
1305 611 1408 640 sane
1429 597 1637 641 Servilius
1657 597 1821 640 Paulus
1842 611 1927 652 pro
1948 597 2098 654 Seryio

374 671 539 719 (licitur,
582 669 637 722 cf.
668 670 831 726 supra).
893 665 1115 710 Consulem
1155 667 1271 709 circa
1310 680 1469 709 annum
1508 669 1610 717 150,
1648 666 1943 721 proconsulem
1982 666 2099 710 circa

373 754 412 781 a.
452 739 645 780 164-166
683 750 775 778 eum
814 736 945 789 fuisse
986 735 1160 778 coniecit
1198 735 1485 790 Waddinyton
1520 735 1653 789 fastes
1690 749 1731 779 n.
1772 737 1864 777 148.
1933 733 2096 778 Consul

371 808 524 848 iterum
556 804 647 847 ord.
677 819 714 846 a.
750 804 829 846 168
859 819 958 846 cum
985 803 1036 846 L.
1062 803 1275 846 Venuleio
1307 803 1559 860 Aproniano
1590 803 1635 845 II
1663 803 1782 857 fasti.
1842 803 2093 846 Praefectus

373 874 467 917 urbi
498 877 524 916 t.
549 873 740 915 urbanus
776 872 844 915 VI
865 874 999 923 1803;
1030 871 1218 915 Galenus
1249 874 1336 929 περὶ
1366 874 1615 929 ἀνατομικῶν
1647 873 1915 930 ἐγχειρήσεων
1953 871 2024 915 lib.
2056 873 2096 924 I,

371 945 468 1000 πρὸς
500 941 707 999 Ἐπιγένην
739 955 771 984 c.
803 944 835 984 2
860 940 1073 996 (Galenus
1102 940 1163 984 eol.
1189 940 1345 984 Kuehn
1364 944 1396 984 2
1416 956 1464 996 p.
1486 943 1584 991 218,
1617 944 1671 983 14
1698 955 1741 994 p.
1764 939 1879 995 612).
1939 940 2095 984 Paullo

371 1015 466 1054 ante
497 1011 676 1053 alterum
706 1009 969 1057 comulatam
1004 1010 1125 1052 urbis
1149 1010 1419 1065 praefectum
1449 1024 1542 1052 eum
1571 1010 1731 1063 factum
1763 1022 1848 1052 csse
1869 1008 2098 1064 probabile

370 1083 459 1131 est,·-
485 1092 695 1122 successor
733 1078 897 1121 videtur
935 1079 1068 1133 fuisse
1106 1080 1153 1121 in
1187 1079 1468 1133 praefectura
1513 1079 1559 1132 Q.
1604 1078 1727 1120 Iunii
1763 1078 1945 1120 Rustici.
2014 1077 2097 1120 Vir

367 1147 664 1205 philosophiae
709 1147 951 1201 studiosus3
997 1149 1176 1190 interest
1217 1147 1549 1190 dissectionibus
1591 1162 1617 1189 a
1658 1146 1823 1189 Galeno
1866 1145 2095 1203 explicatis

371 1216 521 1261 Galen.
544 1217 569 1259 l.
593 1230 626 1259 c.
647 1241 705 1248 —
727 1217 833 1258 Eius
858 1215 1058 1259 alumnus
1081 1216 1352 1273 Chrysippus
1374 1215 1564 1273 quidam,
1597 1217 1719 1258 cuius
1745 1215 1921 1258 alumna
1941 1215 2096 1270 Sergia

369 1284 593 1342 Syntyche
629 1285 698 1328 VI
719 1287 839 1328 1803.
904 1285 1084 1328 Omnino
1113 1286 1317 1328 incertum
1349 1299 1406 1327 an
1435 1284 1560 1327 huius
1589 1285 1685 1340 filia
1716 1284 1870 1339 Sergia
1895 1283 2095 1327 Paullina

367 1355 416 1397 L.
451 1353 477 1397 f.
510 1354 579 1397 VI
590 1356 700 1397 9148
720 1357 794 1397 eet.
825 1354 879 1408 cf.
904 1354 1026 1408 infra
1054 1355 1130 1397 sub
1163 1354 1319 1409 Serqia
1345 1353 1555 1396 Paullina
1585 1351 1661 1406 (ad
1688 1353 1798 1396 hanc
1829 1352 2092 1404 Paullinam,

365 1437 451 1465 non
472 1422 530 1465 ad
549 1422 746 1477 Seryium
765 1422 967 1465 Paullum
986 1422 1152 1465 videtur
1170 1426 1359 1478 spectare
1390 1422 1459 1465 VI
1475 1425 1627 1476 10260,
1650 1422 1727 1465 ubi
1746 1412 1933 1465 traditur
1953 1421 2092 1477 Sergi.

364 1490 555 1546 Paulli.).
617 1490 684 1545 Of.
715 1490 927 1546 Boryhesi
954 1505 1048 1546 opp.
1068 1494 1097 1534 8
1117 1507 1166 1546 p.
1186 1494 1280 1535 506.
1311 1494 1337 1534 9
1359 1506 1408 1546 p.
1429 1494 1522 1534 310.

278 1560 360 1603 378
388 1567 434 1602 L.
467 1566 672 1602 SERGIVS
703 1566 941 1603 PLAVTVS.
1001 1561 1134 1616 Regis
1165 1560 1208 1615 f.,
1240 1560 1358 1603 tribu
1389 1560 1520 1615 Arn.3
1558 1566 1773 1616 quaestor,
1805 1559 1939 1602 salius
1969 1559 2092 1603 Pala-

364 1629 480 1671 tinus
510 1632 538 1673 t.
569 1629 817 1672 Ursonensis
845 1628 1050 1672 Baeticae
1083 1630 1144 1672 II
1164 1633 1282 1672 1406.
1342 1629 1559 1679 Fortasse,
1590 1632 1639 1671 ut
1669 1629 1846 1671 coniecit
1873 1627 2094 1684 Detlefsen

362 1698 466 1740 uber
505 1698 638 1753 einiye
673 1697 1137 1752 Quellenschriftsteller
1176 1698 1247 1741 des
1276 1697 1450 1740 Plinius
1480 1698 1645 1754 (proyr.
1685 1697 1949 1740 Gluclcstadt.
1982 1700 2093 1741 1881

358 1781 406 1821 p.
425 1768 482 1822 5),
508 1766 576 1809 hic
598 1766 776 1821 Sergius
798 1766 981 1809 Plautus
1003 1766 1203 1821 (Plautus
1215 1766 1477 1821 plerumque,
1506 1766 1683 1821 Sergius
1703 1765 1883 1814 Flavius
1905 1765 2093 1808 traditur

361 1838 401 1886 8,
432 1838 472 1886 3,
503 1838 569 1886 33,
601 1835 674 1878 secl
701 1836 792 1878 sine
823 1835 951 1879 dubio
978 1835 1088 1878 idem
1116 1836 1403 1891 intelleyitur),
1441 1836 1515 1892 qui
1556 1835 1728 1892 scripsit
1762 1834 1817 1876 de
1847 1834 2092 1878 Stoicorum

362 1910 410 1946 ut
448 1903 622 1947 videtur
657 1903 877 1959 doctrina,
917 1906 1073 1948 citatus
1104 1921 1130 1948 a
1165 1905 1418 1959 Quintilian.
1449 1908 1492 1956 2,
1514 1908 1579 1955 14,
1602 1908 1645 1948 2.
1676 1906 1715 1954 3,
1736 1906 1774 1954 6,
1798 1906 1867 1947 23.
1898 1905 1939 1953 8,
1961 1905 2002 1953 3,
2022 1905 2091 1946 33.

361 1975 426 2022 10,
449 1975 487 2023 1,
509 1976 616 2025 124,·
650 1974 750 2016 item
779 1973 847 2016 hic
876 1973 1054 2030 Sergius
1085 1973 1266 2017 Plautus
1298 1973 1376 2027 (sie
1406 1974 1453 2016 in
1485 1987 1569 2016 uno
1600 1972 1739 2016 codice
1768 1974 1807 2022 1,
1838 1973 1881 2022 2,
1912 1971 2013 2014 item
2044 1971 2092 2014 in

359 2055 443 2084 uno
471 2045 510 2092 1,
542 2044 608 2092 18,
649 2042 695 2084 in
724 2042 938 2097 plerisque
977 2043 1154 2098 Sergius
1195 2042 1319 2086 Plato
1350 2046 1389 2094 1,
1422 2046 1466 2093 2,
1510 2042 1690 2096 Sergius
1728 2039 1906 2083 Paullus
1944 2042 1984 2090 1,
2020 2038 2090 2094 18)

361 2116 512 2152 auctor
540 2109 761 2153 adhibitus
782 2126 808 2153 a
826 2111 968 2153 Plinio
988 2111 1029 2154 h.
1053 2126 1097 2157 n.
1118 2115 1157 2162 1,
1180 2115 1222 2156 2.
1245 2115 1323 2164 18;
1360 2125 1435 2154 nec
1466 2110 1655 2153 diversus
1683 2110 1866 2163 fortasse
1897 2108 2088 2163 Sergius,

360 2179 435 2234 qui
476 2179 635 2222 citatur
662 2179 828 2222 Fronto
868 2180 927 2223 ad
956 2180 1021 2224 Μ
1052 2180 1318 2223 Antoninum
1361 2180 1410 2223 de
1450 2179 1715 2222 orationibus
1737 2192 1784 2233 p.
1806 2179 1887 2220 156
1917 2176 2091 2228 Naber;

360 2246 569 2301 Apuleius
599 2248 672 2302 qui
700 2248 857 2291 dicitur
887 2248 937 2291 de
962 2249 1095 2304 eloym.
1117 2249 1237 2293 Plat.
1259 2249 1345 2292 III
1361 2263 1409 2304 p.
1433 2251 1518 2292 265
1547 2248 1652 2292 Oud.
1675 2247 1740 2303 (p.
1761 2249 1853 2290 229
1878 2244 2030 2300 Hild).

276 2314 359 2357 379
392 2315 569 2370 Sergius
601 2316 883 2360 Saturninus:
924 2333 1013 2360 una
1051 2333 1149 2361 cum
1180 2317 1324 2361 Ofillio
1356 2317 1595 2360 Macedone
1633 2322 1675 2358 et
1705 2315 1864 2357 Martio
1891 2314 2009 2357 Vero
2042 2313 2090 2356 in

358 2383 505 2438 fistula
516 2384 720 2439 plumbea
741 2400 808 2440 ap.
830 2387 1118 2429 Lancianium
1138 2386 1230 2442 syll.
1253 2401 1319 2441 aq.
1334 2400 1376 2430 n.
1399 2389 1480 2428 504
1499 2386 1572 2440 (cf.
1594 2398 1727 2439 supra
1746 2383 1823 2426 sub
1845 2382 1896 2425 P.
1920 2381 2090 2424 Martio

365 2451 470 2494 Vero
499 2452 604 2508 fin).
652 2453 856 2498 Fortasse
884 2469 970 2498 non
1001 2455 1188 2498 diversus
1208 2455 1259 2497 P.
1284 2455 1477 2497 Martius
1499 2454 1676 2509 Seryius
1706 2451 1980 2501 Saturninus,
2012 2450 2087 2493 sub

357 2534 436 2574 quo
465 2521 520 2574 cf.

288 2612 345 2617 -—
388 2595 429 2630 P.
460 2595 679 2633 MARTIVS
713 2598 919 2634 SERGIVS
953 2599 1280 2636 SATVRNINVS.

274 2655 357 2698 380
389 2658 633 2714 SERG(IVS)
656 2666 887 2703 TITIANVS
909 2660 1078 2716 legatus
1099 2662 1290 2704 Moesiae
1310 2661 1527 2703 inferioris
1553 2658 1634 2701 sub
1656 2656 1894 2712 Elagabalo
1923 2655 2087 2698 nummi

359 2724 822 2781 Marcianopolitarum
853 2743 946 2771 cum
976 2731 1187 2785 capitibus
1206 2730 1269 2772 vel
1287 2729 1533 2784 Elayabali
1559 2727 1690 2770 solius
1715 2724 1931 2778 (Mionnet
1953 2723 1999 2767 S.
2021 2723 2083 2766 II

357 2795 423 2843 96,
453 2796 537 2836 249
570 2807 675 2849 seq„
706 2796 819 2841 Brit.
851 2812 954 2841 mus.
987 2802 1067 2843 cat.
1105 2798 1269 2841 Thrace
1299 2801 1373 2841 etc.
1396 2812 1444 2852 p.
1465 2798 1518 2839 35
1547 2811 1587 2839 n.
1619 2796 1773 2844 51-53,
1804 2806 1908 2835 mus.
1939 2790 2083 2835 Berol.

360 2863 440 2903 cat.
470 2875 624 2905 numm.
655 2864 689 2906 I
702 2879 750 2918 p.
782 2868 845 2915 64,
877 2869 941 2908 41.
972 2870 1053 2916 42‚·
1091 2866 1200 2910 male
1236 2865 1488 2909 Garacallae
1527 2866 1656 2919 caput
1690 2875 1776 2906 esse
1816 2860 1973 2904 dicitur
2011 2873 2080 2914 ap.

357 2928 499 2971 Lealce
525 2944 636 2975 num.
666 2931 760 2974 hell.
802 2933 949 2988 Suppl.
984 2950 1030 2989 p.
1063 2935 1165 2990 132)
1203 2935 1267 2978 vel
1295 2933 1540 2989 Elayabali
1578 2935 1619 2975 et
1654 2930 1834 2974 Maesae
1869 2928 2083 2984 (Mionnet

361 2995 406 3039 S.
436 2997 498 3039 II
519 3001 609 3049 101,
640 3002 728 3042 278
755 3004 864 3054 seq).

273 3064 350 3106 381
388 3070 567 3107 SERGIA
589 3073 852 3110 DEMETRIA
878 3070 930 3113 L.
955 3071 1095 3125 Sergii
1117 3071 1293 3114 Arriani
1323 3070 1548 3113 clarissimi
1568 3069 1652 3111 viri
1674 3081 1797 3110 soror
1820 3069 1849 3108 t.
1871 3064 2078 3120 Paphius,

351 3132 531 3186 journal
561 3135 613 3188 'of
635 3134 729 3177 hell.
760 3137 869 3180 stud.
902 3141 940 3188 9,
972 3142 1082 3180 1888
1105 3154 1150 3193 p.
1173 3143 1258 3183 241
1285 3153 1327 3181 n.
1348 3142 1402 3182 56
1412 3142 1453 3194 β

272 3200 354 3243 382
387 3201 540 3256 Sergia
578 3202 715 3244 Paula
759 3204 886 3258 (inter
926 3206 1102 3261 Seryiae
1148 3211 1187 3250 et
1224 3207 1391 3250 Paulae
1438 3205 1645 3249 vocabula
1692 3203 1858 3245 videtur
1897 3200 2079 3256 periisse

353 3270 501 3323 patris
538 3270 717 3325 nomen),
769 3280 1029 3316 memoratur
1073 3275 1119 3317 in
1159 3278 1186 3318 t.
1227 3275 1411 3318 Ostiensi
1448 3272 1575 3316 XIV
1595 3275 1689 3314 174.
1751 3270 1955 3312 Fortasse
1993 3281 2078 3310 non

358 3337 522 3381 diversa
552 3339 604 3381 ab
637 3354 687 3381 ca
708 3354 813 3394 quae
842 3342 1041 3395 sequitur,
1072 3344 1210 3386 minus
1231 3346 1429 3386 accurate
1449 3341 1592 3384 Paula
1615 3339 1730 3382 dicta
1750 3351 1835 3393 pro
1857 3334 2075 3379 Paullina.
