2242 3672
177 245 462 283 SEGIMERVS
1044 237 1122 280 191
1852 237 1992 274 SEIVS

264 378 353 432 egit
373 376 532 420 Strabo
556 379 583 418 7
602 390 650 431 p.
672 379 774 419 292.
815 376 947 418 Pater
969 374 1224 430 Segimundi
1252 374 1350 418 Tac.
1374 388 1413 416 a.
1435 376 1473 427 1,
1495 375 1554 417 57
1561 386 1574 425 ;
1595 372 1755 416 Strabo
1777 375 1806 414 7
1824 387 1873 427 p.
1893 375 1993 423 291,

264 453 307 489 et
336 444 613 488 Thusneldae
644 444 805 488 Strabo
837 444 863 486 l.
897 459 929 487 e.
1251 483 1255 487 .

178 515 260 558 237
290 515 540 570 Segimerus
572 514 796 569 (Sigimer·
828 514 1018 556 traditur
1046 529 1114 568 ap.
1149 513 1321 567 Vellei),
1363 513 1566 570 princeps
1597 513 1711 554 inter
1740 511 1993 567 Germanos,

260 591 384 641 pater
422 583 609 626 Arminii
651 582 751 627 Vell.
781 586 825 633 2,
856 585 950 625 118.
1005 582 1099 625 Aut
1136 582 1204 625 hie
1245 585 1322 625 aut
1358 583 1397 624 is
1425 582 1500 636 qui
1527 581 1717 636 sequitur
1746 580 1994 635 Segimerus

264 653 535 711 (Σηγίμερος),
577 667 615 696 a.
655 667 695 708 p.
738 651 838 694 Chr.
879 652 905 693 9
946 667 1033 693 una
1072 666 1170 694 cum
1200 650 1401 694 Arminio
1442 652 1644 707 princeps
1684 650 1994 692 coniurationis

261 728 412 765 contra
440 722 608 765 Varum
638 721 769 763 initae
798 719 889 763 Dio
918 723 985 771 56,
1017 723 1084 763 19.

176 803 259 846 238
292 802 539 857 Segimerus
557 799 761 859 (Αἰγιμηρ-
782 800 970 843 traditur
992 815 1061 855 ap.
1084 800 1369 855 Strabonem),
1394 800 1486 843 dux
1506 799 1839 854 Cheruscorum,
1861 800 1997 842 frater

260 871 451 927 Segestis
483 887 521 914 a.
552 887 593 928 p.
627 870 730 914 Chr.
766 872 817 912 15
850 872 893 912 in
926 869 1189 912 deditionem
1221 877 1423 926 acceptus
1454 885 1540 912 una
1570 885 1667 912 cum
1697 869 1786 911 filio
1824 869 1922 912 Tae.
1954 884 1995 912 a.

262 945 299 992 1,
333 944 398 986 71.
458 940 596 983 Filius
638 941 729 982 eius
761 939 1010 982 Sesithacus
1052 938 1208 981 ductus
1251 940 1296 980 in
1338 938 1556 996 triumpho
1589 938 1836 983 Germanici
1870 954 1909 981 a.
1943 938 1994 981 17

262 1010 422 1054 Strabo
444 1013 472 1052 7
492 1024 540 1064 p.
561 1012 664 1053 292.

177 1090 263 1133 239
294 1089 587 1145 Segimundus
619 1090 698 1144 (sio
734 1089 848 1140 Tae„
882 1089 1145 1146 Σεμιγοῦντος
1176 1089 1337 1131 codices
1365 1088 1610 1141 Strabonis)
1644 1088 1834 1142 Segestis
1869 1087 1995 1143 filius,

263 1159 420 1201 nobilis
452 1159 702 1202 Cheruscus
724 1158 885 1202 Strabo
910 1161 947 1209 7,
970 1162 1008 1209 1,
1030 1162 1057 1201 4
1079 1173 1129 1212 p.
1152 1161 1235 1201 291
1246 1172 1259 1209 ;
1295 1158 1334 1200 T
1331 1172 1394 1200 ac.
1418 1172 1456 1200 a.
1480 1161 1518 1208 1,
1540 1160 1598 1200 57
1605 1171 1618 1209 ;
1648 1157 1849 1200 sacerdos
1880 1157 1995 1214 apud

262 1243 382 1271 aram
412 1228 650 1283 Ubiorum,
688 1243 726 1270 a.
759 1242 800 1284 p.
833 1226 935 1272 Chr.
966 1227 992 1269 9
1034 1227 1183 1269 relicto
1223 1227 1464 1269 sacerdotio
1499 1226 1556 1268 ad
1594 1225 1778 1269 rebelles
1819 1241 1865 1268 se
1900 1241 1996 1268 con-

262 1296 363 1340 tulit
394 1297 493 1342 Tac.
526 1311 567 1340 a.
599 1300 637 1360 1,
668 1300 734 1340 57.
792 1297 845 1339 A.
880 1297 932 1339 15
962 1297 1099 1353 patris
1129 1296 1335 1338 mandata
1366 1294 1544 1352 pertulit
1572 1295 1628 1338 ad.
1659 1295 1993 1350 Germanicum3

261 1382 287 1410 a
317 1382 402 1423 quo
433 1367 621 1422 benigne
662 1373 894 1423 exceptus,
940 1381 1038 1408 cum
1076 1365 1292 1422 praesidio
1325 1364 1540 1409 Gallicam
1580 1366 1624 1407 in
1663 1365 1803 1421 ripam
1835 1366 1993 1407 missus

259 1442 324 1479 est
359 1436 456 1480 Tac.
491 1437 517 1479 l.
549 1450 582 1480 o.
646 1436 845 1491 Segestes
888 1450 965 1492 pro
1004 1449 1053 1477 eo
1094 1434 1354 1491 deprecatur
1396 1435 1495 1478 Tae.
1537 1449 1577 1476 a.
1617 1437 1657 1485 1,
1695 1436 1762 1478 58.
1820 1434 1993 1476 Ductus

261 1506 306 1548 in
335 1505 553 1562 triumpho
585 1505 834 1548 Germanici
867 1520 903 1547 a.
938 1505 990 1547 17
1024 1504 1184 1548 Strabo
1206 1507 1243 1555 7,
1266 1507 1304 1554 1,
1326 1508 1353 1545 4
1372 1519 1419 1558 p.
1443 1506 1542 1546 291.

194 1599 246 1604 -
289 1581 334 1617 L.
365 1581 549 1617 AELIVS
582 1581 809 1617 SEIANVS.

186 1669 245 1674 -—
287 1644 347 1687 M.
378 1644 571 1686 Naevius
603 1644 800 1688 Seianus.

174 1725 259 1768 240
288 1731 334 1767 L.
358 1731 499 1767 SEIVS
531 1724 763 1782 proconsul
795 1724 1006 1779 (Siciliae)
1037 1725 1201 1767 nummi
1223 1723 1530 1766 Panormitam
1557 1723 1632 1777 qui
1657 1723 1927 1777 reperiuntur
1958 1725 1997 1764 et

260 1793 369 1837 alibi
406 1797 446 1836 et
484 1794 530 1836 in
568 1795 724 1837 museis
753 1794 1027 1837 Berolinensi
1066 1795 1138 1849 (of.
1171 1793 1383 1848 Boryhesi
1413 1807 1506 1848 opp.
1538 1795 1578 1843 8,
1609 1794 1707 1848 396)
1748 1794 1787 1834 et
1815 1791 1995 1834 Britan-

257 1863 352 1905 nico
382 1862 521 1906 Greek
551 1864 666 1906 coins
695 1864 743 1906 in
774 1863 841 1906 the
871 1863 986 1905 Brit.
1018 1877 1138 1914 mus„
1172 1862 1309 1913 Sicil„
1333 1876 1381 1916 p.
1411 1864 1510 1912 128,
1542 1860 1627 1916 13),
1667 1861 1768 1903 item
1808 1875 1876 1915 ap.
1908 1859 1996 1902 Im-

257 1931 558 1986 hoof-Blumer
584 1932 740 1985 (Klein
776 1932 1228 1987 Verwaltunysbeamte
1248 1932 1282 1974 I
1296 1946 1344 1986 p.
1367 1931 1450 1980 93).
1499 1930 1620 1974 Idem
1640 1933 1826 1985 putatur
1847 1943 1875 1972 a
1892 1942 1996 1971 non-

256 2000 388 2044 nullis
428 2000 501 2056 (ef.
532 2001 745 2057 Boryhesi
775 2002 800 2044 l.
833 2015 893 2053 e.;
934 2001 1075 2044 Klein
1106 2001 1132 2043 l.
1165 2000 1218 2056 e.)
1260 2002 1311 2043 L.
1345 2000 1471 2044 Seius
1507 2000 1674 2042 Tubero
1713 1998 1857 2041 consul
1895 1996 1994 2049 suff.

261 2083 301 2113 a.
324 2084 372 2125 p.
401 2069 505 2113 Chr.
528 2073 595 2122 18,
621 2071 760 2113 neseio
789 2085 891 2113 num
920 2073 1044 2113 reete.

173 2150 253 2193 241
289 2156 331 2193 G.
364 2157 505 2193 SEIVS
538 2157 852 2194 CALPVRNIVS
888 2157 1187 2202 QVADRATVS
1220 2155 1484 2193 SITTIANVS
1525 2148 1585 2191 M.
1617 2148 1659 2203 f„
1699 2147 1817 2190 tribu
1847 2147 1994 2202 Quint,

260 2220 461 2262 triumvir
506 2220 725 2277 capitalis,
784 2227 988 2277 quaestor
1038 2221 1292 2277 provinciae
1338 2219 1537 2272 Africae,
1594 2216 1797 2261 tribunus
1840 2216 1992 2273 plebis,

259 2295 434 2345 praetor
473 2291 755 2346 peregrinus3
796 2289 1030 2345 proconsul
1070 2289 1324 2345 provinciae
1363 2287 1662 2330 Narbonensis
1704 2289 1731 2330 t.
1763 2287 1860 2340 ayri
1899 2286 1995 2328 sub-

258 2357 418 2399 urbani
436 2358 564 2401 XIV
575 2362 699 2402 2831.
731 2358 938 2401 Diversus
961 2373 988 2401 a
1010 2359 1109 2402 Seio
1131 2357 1355 2411 Quadrato
1372 2356 1510 2411 (infra
1529 2371 1571 2399 n.
1586 2350 1702 2411 244),
1721 2355 1794 2398 sed
1812 2357 1995 2410 fortasse

261 2440 312 2469 eoe
333 2427 519 2481 posteris
548 2428 649 2472 eius,

175 2507 260 2549 242
291 2513 432 2550 SEIVS
463 2513 624 2550 CARVS
656 2508 873 2562 Fusciani,
910 2507 1119 2563 praefecti
1151 2506 1371 2564 quondam
1403 2505 1522 2548 urbis
1554 2506 1660 2561 (eius
1688 2506 1761 2560 qui
1789 2503 1994 2559 sequitur)

263 2590 418 2632 nepos,
459 2576 514 2618 ab
545 2575 783 2631 Elagabalo
815 2591 929 2618 anno
961 2577 1043 2619 219
1075 2577 1120 2618 in
1152 2576 1319 2619 Palatio
1352 2577 1540 2630 occisus,
1582 2575 1698 2632 quod
1731 2574 1920 2617 militum
1950 2574 1994 2615 in

262 2643 434 2687 Albano
466 2651 611 2687 monte
642 2644 911 2687 tendentium
941 2644 1172 2687 nonnullos
1205 2646 1464 2688 concitasset
1489 2645 1579 2688 Dio
1607 2648 1672 2695 79,
1693 2648 1733 2687 4.
1783 2643 1859 2686 Ad
1885 2644 1995 2686 huno

257 2714 475 2768 pertinere
489 2717 597 2767 puto
618 2714 806 2768 fistulam
828 2715 1055 2768 aquariam
1074 2715 1120 2757 in
1139 2715 1244 2757 urbe
1264 2717 1486 2769 repertam,
1509 2713 1626 2756 Bull.
1649 2714 1866 2757 oomunale
1885 2717 1996 2757 1888

256 2796 304 2836 p.
335 2784 440 2824 397:
470 2782 701 2837 [Se]iorum
734 2782 834 2826 Cari
865 2790 909 2825 et
938 2783 1221 2836 Fuscinillae;
1261 2798 1364 2826 nam
1400 2783 1562 2826 Carum
1591 2799 1684 2827 eum
1713 2785 1845 2838 fuisse
1874 2783 1994 2826 illum

261 2853 451 2904 nepotem
470 2850 683 2894 Fusciani
711 2851 876 2894 indicat
904 2866 1128 2906 eoynomen
1158 2852 1436 2903 Fuscinillae,
1468 2854 1629 2896 sororis
1650 2856 1758 2907 puto
1792 2854 1893 2895 eius.

177 2930 260 2972 ‘243
292 2936 433 2973 SEIVS
474 2937 752 2974 FVSCIANVS
798 2933 876 2985 (sio
914 2932 985 2975 vit.
1026 2933 1177 2975 Marci
1203 2936 1242 2984 3,
1274 2936 1323 2984 8,
1364 2947 1514 2976 nomen
1550 2933 1813 2988 yentilieium
1849 2934 1996 2988 firmat

261 2997 350 3041 Dio
383 3002 447 3049 79,
471 3003 510 3050 4,
534 3003 764 3054 praeterea
793 3001 1056 3055 Fuscianus3
1088 3002 1186 3044 item
1215 3002 1262 3043 in
1293 3002 1514 3044 consulatu
1534 3002 1808 3056 Fascianus).
1861 3002 1991 3045 Sena-

264 3067 364 3109 torii
406 3067 592 3120 ordinis;
635 3068 958 3125 condiscipulus
998 3069 1134 3111 Marci
1164 3070 1236 3114 vit.
1270 3070 1422 3113 Marci
1448 3073 1486 3122 3,
1513 3073 1554 3113 8.
1612 3069 1794 3124 (Consul
1825 3070 1923 3112 suff.
1955 3085 1991 3114 a.

263 3135 381 3189 inc.).
441 3136 691 3179 Praefectus
721 3138 819 3180 urbi
849 3137 938 3180 Dio
970 3141 1036 3189 79,
1067 3142 1107 3188 4,
1145 3138 1393 3181 Tertullian.
1417 3139 1475 3181 ad
1492 3142 1581 3181 nat.
1609 3143 1647 3190 1,
1671 3142 1735 3190 16,
1767 3140 1838 3183 vit.
1871 3138 1992 3182 Pert.

263 3209 301 3256 4,
334 3209 373 3255 3,
406 3205 667 3260 Hippolytus
694 3206 871 3260 refutat.
893 3206 1053 3250 haeres,
1075 3210 1114 3257 9,
1145 3210 1203 3250 12
1223 3222 1270 3262 p.
1292 3211 1391 3251 452.
1411 3211 1491 3250 454
1512 3207 1727 3258 Dunelcer,
1761 3207 1840 3250 sub
1872 3207 1991 3250 Com-

263 3274 412 3328 modo,
445 3274 623 3317 Victore
663 3275 864 3331 episcopo
907 3274 1027 3317 urbis
1067 3276 1231 3318 Romae
1271 3277 1530 3331 Hippolytus
1561 3276 1587 3318 l.
1618 3290 1651 3318 e.
1721 3276 1909 3319 Severus
1949 3277 1992 3317 in

264 3342 540 3399 praefectura
577 3343 650 3385 vit.
682 3342 797 3386 Pert.
828 3346 867 3394 4,
898 3346 937 3387 3.
1003 3343 1166 3387 Consul
1210 3346 1363 3387 iterum
1405 3345 1650 3388 ordinarius
1691 3360 1728 3388 a.
1773 3345 1853 3387 188
1894 3359 1990 3386 cum
