2242 3672
275 257 574 298 ZENODORVS
1135 248 1220 292 494
1852 256 2080 293 ZYRAXES

360 389 407 432 hi
435 372 561 432 e'tiam
589 387 785 442 inscripti
809 403 863 430 νε.
892 385 982 430 Και.
1004 386 1110 441 (νέος
1130 384 1286 443 Καῖσαρ
1295 383 1358 441 ?);
1389 389 1568 429 ceterum
1598 389 1697 430 ante
1719 400 1913 442 puqnwm
1931 386 2082 430 Actia-

360 471 453 500 cam
483 457 693 500 Zenodori
728 468 918 498 nummos
946 454 1133 509 Auyusti
1170 455 1308 509 eapite
1346 454 1535 509 siynatos
1573 468 1659 498 esse
1691 455 1764 498 vix
1792 454 1909 498 credi
1926 458 2080 510 potest.

360 527 398 568 E
414 525 720 568 Trachonitide
741 524 930 567 latrones
951 522 1210 565 immittebat
1227 523 1393 577 regioni
1407 523 1702 566 Damascenae
1715 522 1875 567 Strabo
1888 526 1955 575 16,
1966 527 2009 575 2,
2021 527 2081 567 20

350 609 398 648 10.
424 597 513 644 756,
545 593 708 648 Ioseph.
732 596 818 635 ant.
841 595 905 643 15,
929 595 994 643 10,
1017 595 1056 642 1,
1085 591 1178 634 bell.
1200 595 1238 643 1,
1266 594 1337 642 20,
1358 595 1396 643 4,
1429 606 1563 649 quare
1583 592 1857 635 Trachonitis
1878 593 1916 634 ei
1937 590 2082 635 ablata

359 669 400 704 et
439 668 588 718 postea
627 661 703 713 (sic
743 659 853 715 belz.)
894 674 991 702 cum
1034 660 1253 702 Batanaea
1292 667 1335 703 et
1373 660 1632 703 Auranitide
1667 660 1831 703 Herodi
1871 660 2081 703 attributa

357 729 521 784 Ioseph.
554 729 579 773 l.
611 743 644 773 c.
691 728 1008 782 Auranitidem,
1041 742 1153 785 quae
1180 743 1280 785 pars
1311 727 1609 785 praefecturae
1640 730 1731 772 eius
1762 730 1850 786 (τῆς
1868 727 2078 787 ἐπαρχίας)

359 797 512 851 fuerat,
545 804 746 854 properat
765 796 986 840 Arabibus
1011 795 1202 839 vendere
1232 798 1551 854 quinquaginta
1580 797 1766 853 talentis,
1799 798 1998 854 quamvis
2029 812 2080 840 ea

356 865 585 908 donatione
607 865 804 909 Caesaris
826 866 1120 908 contineretur
1138 865 1303 920 Ioseph.
1321 868 1407 908 ant.
1424 867 1489 916 15,
1507 869 1575 917 10,
1592 868 1636 909 2.
1676 865 1898 908 Herodem
1916 867 2079 910 Romae

354 941 528 977 accusat
567 934 685 985 (ante
726 949 763 977 a.
804 933 908 987 731,
955 948 1040 990 quo
1080 933 1280 990 Agrippa
1318 933 1560 990 Mytilenen
1603 934 1753 989 venit),
1798 933 1875 976 sed
1917 933 2079 979 frustra

354 1003 409 1048 ib.
442 1003 552 1047 Cum
574 1002 800 1059 Augustus
823 1004 867 1045 in
881 1002 1062 1059 Syriam
1084 1004 1276 1046 venisset
1297 1004 1353 1058 (a.
1377 1003 1491 1059 734),
1517 1003 1770 1048 Gadarenos
1792 1009 1840 1046 ut
1858 1002 2077 1046 Herodem

354 1079 607 1114 accusarent
643 1073 793 1114 incitat
829 1071 885 1114 ib.
927 1073 991 1122 15,
1032 1074 1099 1122 10,
1141 1074 1181 1114 3.
1253 1070 1404 1114 Paullo
1443 1078 1541 1128 post
1574 1073 1758 1114 moritur
1794 1071 2077 1126 Antiochiam

354 1140 469 1182 unde
499 1141 629 1183 etiam
660 1155 771 1197 quae
802 1141 893 1182 eius
923 1139 1066 1183 fuerat
1095 1140 1215 1196 regio
1246 1141 1359 1183 inter
1380 1139 1734 1183 Trachonitidem
1765 1146 1808 1183 et
1836 1138 2076 1184 Galilaeam

354 1208 518 1251 Herodi
556 1209 764 1252 attributa
804 1209 1047 1263 (etiamtum
1086 1216 1313 1265 praesente
1344 1209 1532 1253 Caesare
1571 1210 1616 1251 in
1648 1209 1795 1266 Syria)
1837 1212 1924 1252 ant.
1966 1209 1993 1255 l.
2024 1223 2072 1266 0.,

354 1276 446 1321 bell.
479 1277 506 1320 l.
537 1291 596 1329 c.,·
626 1277 901 1320 tetrarchiam
934 1279 1026 1320 eius
1058 1278 1223 1320 Herodi
1254 1277 1418 1321 Caesar
1446 1278 1641 1334 permisit
1668 1277 1758 1321 Dio
1784 1280 1850 1325 54,
1882 1280 1922 1321 9.
1967 1278 2076 1321 Pars

351 1345 562 1400 quaedam
583 1345 764 1389 dicionis
787 1347 880 1388 eius
910 1345 1030 1404 (μέρη
1050 1346 1135 1390 τινὰ
1154 1350 1222 1389 τοῦ
1243 1346 1429 1405 Ζήνωνος
1449 1347 1560 1390 οἴκου
1580 1345 1629 1389 τὰ
1652 1348 1739 1403 περὶ
1761 1343 1936 1403 Ἰοἱμνιαν
1968 1346 2073 1399 bell„

351 1414 469 1472 μέρος
488 1433 522 1458 τι
543 1416 652 1460 οἴκου
673 1421 741 1459 τοῦ
760 1415 1000 1474 Ζηνοδώρου
1024 1416 1242 1474 λεγομένου
1266 1417 1372 1468 ant.)
1400 1423 1498 1472 post
1526 1422 1710 1459 mortem
1741 1416 1942 1468 Herodis,
1973 1430 2074 1459 cum

350 1483 569 1526 Batanaea
609 1491 651 1527 et
679 1484 1010 1539 Trachonitide,
1054 1484 1257 1541 Philippo
1290 1484 1378 1527 filio
1411 1484 1598 1527 Herodis
1629 1484 1758 1527 cessit
1785 1484 1950 1539 Ioseph.
1985 1488 2072 1529 ant.

349 1555 414 1602 17,
446 1556 512 1603 11,
542 1556 580 1607 4,
615 1553 709 1601 belz.
740 1556 783 1604 2,
816 1556 854 1604 6,
885 1556 925 1595 3.

281 1622 307 1662 9
352 1620 614 1675 Zenodorus,
649 1622 893 1677 statuarius,
931 1622 975 1663 in
1005 1621 1180 1664 civitate
1211 1620 1381 1664 Galliae
1411 1620 1623 1664 Arvernis
1654 1620 1930 1664 simulacrum
1959 1622 2074 1665 Mer-

349 1690 456 1732 curii
488 1689 589 1732 fecit
617 1705 695 1746 per
724 1705 860 1732 annos
891 1690 1053 1743 decem,
1085 1689 1331 1732 sestertium
1352 1689 1681 1746 quadringentis
1704 1688 1879 1732 milibus
1901 1689 2071 1745 (CCCC

350 1757 557 1809 traditum·
587 1759 641 1812 cf.
662 1758 912 1813 Hirschfeld
939 1758 1221 1813 Sitzunysber.
1254 1758 1327 1801 der
1356 1758 1498 1801 Akad.
1531 1758 1569 1801 d.
1612 1758 1736 1802 Wss.
1766 1758 1932 1810 Berlin,
1963 1762 2072 1803 1897

345 1841 391 1880 p.
416 1826 544 1881 1112)
575 1828 844 1883 manipretii3
885 1827 1043 1869 deinde
1074 1828 1256 1870 Romam
1290 1828 1454 1869 accitus
1485 1842 1511 1869 a
1539 1826 1736 1881 Nerone,
1767 1826 1980 1870 colossum
2010 1828 2071 1871 ibi

347 1894 460 1949 fecit,
494 1902 587 1950 post
616 1902 798 1938 mortem
826 1896 1011 1938 Neronis
1044 1895 1134 1939 Soli
1165 1895 1355 1938 dicatum
1386 1894 1503 1938 Plin.
1533 1894 1573 1938 h.
1603 1909 1645 1938 n.
1674 1898 1741 1946 34,
1770 1898 1826 1938 45
1853 1909 1938 1950 seq.
1966 1897 1969 1903 “

262 1987 317 1992 -—
346 1969 608 2006 ANTISTIVS
640 1970 864 2007 ZOILLVS.

261 2054 317 2059 ——
348 2030 444 2073 Tib.
476 2030 720 2087 Cl(audius)
752 2032 914 2076 Zoilus.

267 2099 319 2140 10
349 2099 563 2152 Zorsines,
597 2100 845 2143 Siracorum
866 2116 958 2151 rex,
991 2116 1087 2143 cum
1115 2115 1194 2157 per
1223 2100 1400 2157 aliquod
1427 2108 1596 2157 tempus
1617 2099 1916 2144 Mithridatem
1935 2115 2070 2157 regno

346 2167 595 2224 Bosporano
639 2168 810 2225 pulsum
850 2176 1001 2212 contra
1040 2170 1256 2212 Romanos
1301 2169 1560 2224 adiuvisset,
1607 2170 1749 2212 victus
1793 2185 1820 2212 a
1865 2171 2070 2213 Romanis

347 2235 517 2278 obsides
553 2237 684 2291 dedit,
717 2239 833 2279 circa
863 2253 900 2282 a.
933 2239 987 2280 49
1024 2238 1122 2281 Tac.
1154 2252 1194 2281 a.
1226 2242 1295 2289 12,
1330 2241 1392 2282 15.
1423 2242 1489 2282 17.
1521 2241 1588 2282 19.

265 2305 309 2344 ll
345 2304 546 2360 Zosimio,
579 2312 832 2361 procurator
862 2306 1039 2362 Syriae:
1071 2306 1256 2363 epistula
1286 2306 1508 2350 Valeriani
1538 2306 1594 2349 ad
1627 2320 1724 2349 eum
1749 2307 1819 2351 vit.
1843 2305 1996 2350 Claud.
2016 2310 2070 2350 14

345 2372 517 2428 (fictio).

266 2441 316 2482 12
348 2440 566 2495 Zosimus,
608 2457 634 2484 a
674 2442 912 2486 rationibus
952 2443 1139 2498 siyillwm
1178 2458 1350 2486 aeneum
1391 2444 1436 2486 in
1478 2457 1620 2486 museo
1660 2442 1949 2486 Kircheriano
1987 2443 2068 2486 'ad—

344 2512 554 2551 servatum
584 2510 649 2565 (de
679 2510 895 2566 Ruyyiero
925 2515 1006 2554 cat.
1038 2526 1143 2555 mus.
1177 2512 1329 2555 Kirch.
1353 2527 1401 2567 p.
1423 2515 1508 2555 132
1536 2525 1577 2554 n.
1599 2514 1698 2563 482,
1729 2510 1837 2554 vidit
1863 2511 2067 2567 Dressel).

258 2600 315 2605 -—
345 2575 394 2620 0.
425 2576 593 2620 Plinius
623 2578 833 2624 Zosimus

259 2668 316 2674 —
344 2644 548 2687 Aurelius
578 2646 765 2689 Zoticus.

266 2713 316 2753 13
348 2713 565 2768 ZyraxeS,
610 2714 819 2757 Getarum
859 2717 1133 2772 quorundam
1172 2715 1369 2772 regulus,
1407 2731 1591 2773 quorum
1630 2716 1839 2773 oppidum
1868 2716 2066 2762 Genucla

350 2780 405 2821 ad
431 2781 591 2823 Istrum
621 2783 750 2824 situm
781 2783 840 2825 M.
872 2784 1055 2827 Crassus
1086 2801 1123 2828 a.
1157 2786 1238 2829 725
1270 2785 1385 2841 cepit
1413 2784 1503 2827 Dio
1530 2787 1596 2835 51,
1627 2788 1697 2828 26.
