2242 3672
188 238 435 276 TANDASIS
1057 235 1140 278 295
1829 242 2012 280 TARIVS

216 371 241 412 8
272 370 486 412 Tandasis
518 371 596 422 (sic
626 371 838 423 traditur;
868 387 954 426 pro
986 371 1229 420 Τανδάσιδος
1266 371 1547 416 Casaubonus
1577 373 1754 417 coniecit
1778 371 2012 431 Ἄνδρωνος,

273 440 327 493 cf.
359 440 433 482 vit.
467 439 609 482 Marc.
640 443 684 490 2,
714 439 775 495 2),
806 441 945 483 Marci
975 442 1181 496 magister
1213 442 1358 488 Marc.
1389 442 1538 487 Aurel.
1568 445 1608 494 1,
1639 446 1679 486 6.

215 510 241 551 9
272 508 526 551 Tannonius
561 509 756 564 Pudens,
791 510 1056 565 causidicus,
1101 512 1190 565 egit
1221 526 1299 567 pro
1332 511 1495 555 Sicinio
1523 511 1770 554 Aemiliano
1801 511 2013 555 adversus

271 576 506 633 Apuleium
528 578 633 620 artis
654 578 848 632 magicae
869 585 1119 621 accusatum
1130 579 1300 634 Apulei.
1315 580 1429 635 apol.
1446 594 1480 623 c.
1496 584 1524 623 4
1540 581 1595 635 cf.
1612 583 1678 624 13.
1695 583 1763 626 17.
1778 583 1845 624 30.
1862 584 1929 623 33.
1945 583 2012 623 46.

201 671 256 676 —
305 652 345 690 C.
378 652 655 689 APPVLEIVS
687 652 859 689 ΤΑΡΡΟ.

196 740 254 745 -
297 720 341 757 T.
372 720 536 757 TITIVS
567 720 740 757 ΤΑΡΡΟ.
1198 760 1201 764 ,

191 785 243 827 10
274 783 488 825 Tarautas
519 782 676 837 (Taras
709 783 902 838 Zonan),
943 783 1170 838 gladiator,
1213 784 1340 827 homo
1372 787 1674 843 turpissimus:
1716 788 1808 831 eius
1840 788 2013 830 nomine

273 850 500 896 Caracalla
540 858 638 908 post
676 858 859 893 mortem
900 851 1110 908 appellari
1151 852 1302 895 solitus
1341 853 1431 897 Dio
1463 858 1529 906 78,
1560 859 1586 898 9
1627 855 1807 911 (Zonar.
1838 859 1909 907 12,
1940 855 2011 911 13)

270 921 326 975 cf.
359 923 423 971 78,
455 923 522 962 10.
553 923 620 964 11.
652 923 718 963 13.
749 923 813 963 15.
847 924 913 964 17.
944 923 1009 962 18.
1039 924 1112 966 20.
1144 925 1214 965 21.
1246 925 1317 965 26.
1348 926 1420 966 27.
1451 926 1524 966 28.
1554 927 1621 968 31.
1652 927 1725 970 32.
1753 928 1829 977 36;
1871 928 1937 976 79,
1968 928 2010 968 3.

187 990 233 1031 11
270 988 443 1031 Tarbus
465 987 544 1041 (sic
564 988 784 1045 traditur),
806 989 982 1044 regulus
1005 991 1150 1032 nescio
1173 991 1297 1033 cuius
1317 993 1459 1047 gentis
1478 993 1742 1050 barbaricae,
1766 995 1811 1036 in
1827 994 2013 1037 Daciam

270 1059 391 1100 venit
417 1064 648 1113 argentum
672 1058 968 1113 postulaturus
995 1058 1084 1102 Dio
1106 1063 1169 1111 71,
1191 1064 1243 1103 11
1270 1061 1372 1116 (exc.
1401 1062 1450 1104 de
1476 1061 1583 1117 leq).

189 1130 239 1170 12
270 1126 634 1170 Tarcondimotus
647 1126 950 1185 (Ταρκόνδημος
962 1127 1082 1172 Plut.
1098 1127 1203 1171 Ant.
1214 1131 1299 1184 61),
1318 1130 1656 1187 Tarcondimoti,
1676 1131 1816 1187 reguli
1833 1131 2013 1175 Ciliciae

271 1196 477 1253 (defuncti
504 1209 544 1239 a.
577 1198 675 1246 723,
706 1195 796 1238 Dio
826 1200 892 1247 50,
925 1199 995 1252 14)
1026 1196 1140 1239 filius
1171 1197 1260 1240 Dio
1284 1201 1351 1250 54,
1374 1203 1412 1250 9,
1447 1199 1737 1257 Philopatoris
1768 1200 1904 1243 frater
1923 1199 2014 1243 Dio

267 1268 334 1316 51,
356 1268 400 1309 2.
424 1268 473 1316 7,·
504 1266 544 1307 ei
575 1278 758 1320 regnum
789 1272 1016 1322 paternum
1048 1281 1187 1322 paene
1216 1274 1354 1310 totum
1382 1269 1572 1311 restituit
1601 1269 1826 1325 Augustus
1858 1285 1895 1314 a.
1930 1270 2014 1312 734

269 1334 360 1378 Dio
378 1337 445 1384 54,
468 1337 507 1378 9.
557 1333 633 1376 Ad
662 1333 829 1376 domurn
858 1334 969 1377 hanc
998 1336 1162 1390 regiain
1184 1337 1405 1391 pertinent
1435 1338 1552 1380 tituli
1579 1352 1683 1392 quos
1712 1338 1940 1394 Hieropoli
1967 1339 2014 1381 in

272 1403 430 1447 Cilicia
448 1406 726 1457 reppererunt
746 1403 970 1458 cherdey
990 1406 1030 1446 et
1056 1403 1251 1447 Wilhelm
1272 1405 1447 1460 (Reisen
1466 1406 1513 1449 in
1535 1406 1734 1450 Kilikien
1754 1405 2011 1462 [Denkschr.

270 1472 345 1516 der
374 1471 544 1515 kaiserl.
577 1471 720 1514 Akad.
754 1471 793 1514 d.
836 1471 975 1522 Wss„
1019 1472 1153 1524 Wien,
1177 1473 1407 1528 plait-hist.
1436 1474 1504 1518 Ol.
1526 1479 1592 1526 44,
1625 1479 1735 1519 1896
1766 1475 1859 1531 VI]
1880 1490 1929 1530 p.
1954 1477 2015 1519 28

268 1557 309 1587 n.
331 1540 503 1595 63-66).
559 1539 695 1583 Pater
723 1540 889 1583 videtur
919 1540 1217 1596 Philopatoris
1247 1542 1436 1598 defuncti
1465 1559 1504 1588 a.
1526 1559 1576 1599 p.
1606 1544 1711 1587 Chr.
1732 1548 1789 1587 17
1814 1544 1875 1597 (Ρ
1888 1544 2011 1599 282),

187 1613 238 1655 13
268 1615 450 1653 TARIVS
482 1615 768 1652 GRATIANVS
799 1616 1006 1666 praetura
1035 1609 1232 1671 functus,
1277 1627 1312 1656 a.
1346 1627 1387 1668 p.
1419 1612 1521 1657 Chr.
1554 1614 1609 1656 36
1646 1613 1741 1669 lege
1772 1614 2011 1656 maiestatis

271 1686 516 1723 extremum
556 1678 612 1721 ad
651 1677 912 1735 supplicium
954 1679 1185 1722 damnatus
1232 1681 1330 1723 Tac.
1361 1695 1401 1724 a.
1434 1684 1472 1733 6,
1503 1684 1570 1725 38.
1641 1681 1789 1726 Filius
1827 1683 2012 1737 fortasse

270 1750 358 1792 eius
388 1748 462 1803 qui
489 1747 679 1802 sequitur
710 1746 1008 1804 (Nipperdey).

187 1820 239 1862 14
269 1825 315 1861 L.
345 1823 527 1859 TARIVS
558 1822 735 1858 RVFVS.
769 1816 818 1858 L.
851 1816 1009 1858 Tarius
1040 1817 1180 1860 Rufus
1209 1817 1326 1860 Ptin.
1358 1818 1474 1874 (item
1509 1818 1552 1862 V
1571 1821 1698 1871 8112,
1737 1818 1818 1875 78),
1851 1819 2011 1862 Tarius

268 1886 410 1931 Rufus
440 1885 666 1936 Frontin.,
708 1885 875 1932 Λούκιος
907 1885 1072 1942 Τάρριος
1101 1886 1191 1929 Dio
1221 1891 1287 1938 50,
1320 1891 1384 1938 14,
1417 1887 1574 1931 Tarius
1605 1888 1791 1940 Seneca,·
1829 1889 1875 1931 in
1917 1903 2012 1933 con-

268 1956 413 1999 sulatu
443 1955 494 1997 L.
527 1954 685 1996 Tarius
718 1954 827 2008 fasti
854 1954 1110 2006 Biondiani,
1143 1956 1192 1999 L.
1227 1956 1317 1998 Ta.
1338 1989 1346 1998 .
1366 1989 1401 1999 ..
1433 1957 1542 2010 fasti
1569 1956 1794 2000 Golotiani.

357 2023 516 2067 Infima
545 2022 757 2066 natalium
788 2023 1044 2078 humilitate,
1076 2024 1349 2067 consulatum
1374 2024 1552 2067 militari
1585 2025 1800 2068 industria
1828 2027 2011 2070 meritus

268 2093 369 2149 (sub
400 2092 618 2147 Augusto)
648 2090 765 2135 Plin.
794 2092 833 2134 h.
857 2106 898 2134 n.
920 2094 988 2143 18,
1009 2095 1077 2135 37.
1136 2092 1188 2135 Α.
1220 2093 1302 2136 723
1333 2093 1450 2150 apud
1483 2094 1659 2136 Actium
1687 2095 1802 2150 parti
1833 2097 2013 2139 navium

270 2163 633 2207 Caesarianarum
670 2167 843 2217 praeest
870 2160 958 2204 Dio
987 2164 1054 2212 50,
1087 2165 1140 2204 14
1175 2159 1363 2214 (omnino
1404 2162 1592 2205 diversus
1631 2164 1682 2206 L.
1713 2163 1880 2218 Rufus,
1922 2164 2012 2208 Dio

267 2235 335 2283 47,
358 2231 443 2286 31).
496 2229 661 2277 Consul
694 2230 789 2272 suff.
819 2246 856 2273 a.
891 2245 931 2273 u.
964 2245 998 2272 c.
1034 2231 1116 2273 738
1147 2231 1255 2285 fasti
1278 2230 1520 2274 Biondiani
1549 2235 1587 2275 et
1624 2231 1844 2275 Colotiani
1871 2233 2011 2289 (CIL.

268 2301 322 2343 12
345 2314 393 2355 p.
411 2302 476 2342 64.
499 2301 581 2354 65).
631 2299 836 2353 Ingentes
859 2298 1033 2341 divitias
1056 2299 1124 2354 (cf.
1145 2299 1308 2342 Seneca
1329 2299 1378 2342 de
1399 2299 1512 2342 clem.
1535 2304 1574 2351 1,
1597 2302 1662 2351 15,
1685 2300 1727 2355 4)
1749 2300 2013 2345 liberalitate

271 2369 364 2412 divi
395 2368 583 2423 Augusti
627 2374 856 2422 congestas
898 2367 1100 2409 exhausit
1137 2369 1253 2423 agris
1294 2369 1340 2410 in
1371 2369 1532 2411 Piceno
1565 2371 1773 2426 coemptis
1805 2377 1848 2413 et
1878 2386 2012 2428 quam

270 2438 430 2494 optime
471 2436 599 2479 cultis
631 2436 750 2479 Plin.
780 2436 806 2478 l.
839 2450 872 2478 c.
939 2436 1102 2479 Filium
1142 2436 1539 2492 adulescentulum,
1583 2439 1628 2480 in
1668 2439 1900 2495 parricidio
1943 2439 2013 2482 de-

270 2506 552 2563 prehensum,
606 2505 660 2547 de
711 2505 877 2547 consilii
930 2506 1163 2560 sententia,
1216 2507 1340 2548 cuius
1390 2507 1608 2564 particeps
1658 2506 1801 2551 fuerat
1850 2507 2014 2551 Caesar

271 2576 517 2630 Augustus,
567 2573 778 2628 relegavit
826 2573 1063 2615 Massiliam
1109 2573 1269 2617 Seneca
1313 2574 1362 2617 de
1408 2574 1521 2617 clem.
1558 2578 1596 2626 1,
1634 2577 1699 2620 15.
1737 2601 1794 2606 -—
1826 2576 2014 2620 curator

271 2657 484 2700 aquarum
514 2642 571 2685 ab
603 2658 641 2685 a.
674 2657 716 2684 u.
749 2657 784 2686 c.
819 2643 901 2684 776
934 2643 992 2699 (p.
1016 2642 1119 2686 Chr.
1145 2643 1215 2694 23)
1246 2642 1300 2685 ad
1334 2643 1417 2687 777
1449 2643 1510 2700 (p.
1534 2643 1636 2687 Chr.
1670 2645 1743 2699 24)
1774 2645 2013 2689 Frontinus

271 2727 336 2766 aq.
357 2714 441 2755 102
471 2712 574 2768 (nisi
602 2711 669 2753 hic
701 2714 761 2753 est
791 2711 980 2753 diversus
1004 2726 1032 2753 a
1054 2711 1220 2754 consule
1242 2712 1348 2754 anni
1373 2714 1466 2763 738,
1498 2712 1659 2756 scilicet
1677 2713 1795 2768 filius
1815 2714 1934 2769 eius).
1954 2739 2013 2746 —

271 2781 478 2823 Fortasse
507 2780 632 2822 huius
662 2780 713 2822 L.
744 2779 848 2821 Tari
883 2779 981 2821 Rufi
1013 2779 1221 2834 amphora
1249 2780 1384 2822 musei
1411 2780 1606 2823 Estensis
1637 2780 1679 2824 V
1699 2784 1826 2834 8112,
1860 2785 1925 2826 78.
1958 2809 2013 2812 -

271 2849 479 2892 Diversus
500 2851 609 2903 puto
640 2849 690 2892 L.
724 2849 882 2890 Tarius
915 2847 1055 2890 Rufus
1085 2848 1194 2891 XII
1216 2851 1354 2900 1872;
1390 2863 1466 2891 nec
1506 2850 1644 2904 mayis
1683 2850 1764 2893 huc
1795 2852 2015 2905 pertinent

276 2919 402 2962 Tarii
431 2918 521 2960 III
542 2919 670 2960 2877.
700 2919 815 2960 2878
856 2918 1128 2972 (quamquam
1157 2918 1207 2959 ob
1238 2917 1314 2960 hos
1346 2917 1491 2960 titulos
1522 2919 1682 2973 oriyine
1711 2918 2014 2962 Dalmatinum

273 2988 403 3042 fuisse
438 2987 614 3029 Tarium
643 2985 810 3039 Rufum
840 2986 991 3027 statuit
1019 2985 1283 3040 Boryhesius
1315 3000 1406 3041 opp.
1433 2990 1472 3038 7,
1499 2987 1615 3043 205).

193 3059 242 3099 15
273 3062 455 3098 TARIVS
497 3060 733 3096 TlTIANVS
774 3053 903 3108 (Τατι-
932 3068 1017 3108 pro
1049 3054 1160 3112 Ταρι-
1192 3055 1363 3109 primus
1399 3055 1551 3110 editor,
1595 3056 1736 3112 male),
1780 3057 2014 3113 proconsul

276 3125 408 3167 Asiae
439 3123 518 3166 sub
551 3123 714 3166 Severo
747 3129 789 3164 et
825 3121 1052 3165 Caracalla
1082 3123 1294 3177 Augustis
1326 3124 1528 3179 (fortasse
1560 3139 1672 3168 anno
1702 3128 1794 3169 202
1822 3125 1886 3168 vel
1912 3129 2012 3177 203,

271 3207 373 3236 nam
394 3195 572 3247 praeter
609 3190 744 3234 Getae
772 3205 922 3233 nomen
953 3192 1080 3234 etiam
1111 3192 1348 3235 Plautillae
1375 3193 1543 3236 videtur
1570 3194 1704 3248 fuisse
1732 3195 1779 3237 in
1809 3193 1854 3248 t.)
1888 3198 1916 3237 t.
1948 3210 2017 3238 cx-

277 3265 373 3304 tans
413 3262 458 3304 in
499 3260 696 3315 Phryyia
737 3260 827 3302 loco
867 3260 978 3302 dicto
1017 3261 1192 3312 Iarisli,
1232 3262 1308 3304 ubi
1346 3263 1434 3316 fuit
1479 3263 1664 3314 Tacina,
1714 3262 1839 3307 GIG.
1869 3264 2012 3315 39561',

276 3331 426 3373 melius
457 3344 525 3385 ap.
561 3329 754 3384 Ramsay
785 3332 824 3371 et
855 3328 995 3372 Smith
1026 3329 1216 3372 Journal
1247 3331 1298 3386 of
1320 3331 1417 3374 hell.
1448 3332 1607 3374 studies
1637 3335 1749 3375 1887
1767 3347 1816 3387 p.
1836 3336 1934 3376 231.
