2242 3672
267 246 504 282 SEPTIMIV
507 246 531 282 S
1129 237 1212 279 210
1530 247 1533 249 “
1809 241 2072 279 SEPTIMIVS

350 378 520 420 Arabes
551 379 679 419 avant
710 374 965 417 l'islamismc
984 377 1027 423 2,
1052 377 1132 415 190
1152 373 1265 427 seq),
1297 373 1471 426 fuerunt
1500 373 1573 426 qui
1600 386 1684 415 non
1715 373 1923 416 diversum
1944 377 2066 429 puta·

351 446 486 488 verint
526 445 579 486 ab
613 443 689 486 hoc
727 442 931 497 Septimio
972 440 1219 484 Odaenatho
1257 440 1321 482 vel
1361 441 1414 483 ab
1454 441 1543 482 eius
1581 441 1693 495 filio,
1734 441 1808 484 sed
1843 442 1915 484 vix
1950 445 2071 492 recte,

351 515 404 568 cf.
435 513 483 555 de
514 512 655 566 Voyile'
682 511 807 565 Syrie
837 509 1019 552 centrale
1041 524 1088 563 p.
1110 512 1165 552 35
1197 512 1236 551 et
1271 509 1559 563 Waddinyton
1590 509 1649 552 ad
1675 511 1804 553 inser.
1834 513 1962 561 2308,
2001 511 2076 564 qui

353 582 411 624 ad
438 580 628 635 reyulum
652 579 772 621 illum
803 579 959 632 referri
981 591 1105 632 posse
1127 580 1259 631 putat
1280 578 1596 631 inscriptionem
1617 578 1801 633 sepulcri
1821 579 1864 621 in
1883 578 2073 621 Aurani-

352 650 436 692 tidc
466 648 668 691 extantis:
700 646 932 693 Ὀδαίνατος
961 645 1144 702 Ἀννήλου
1176 648 1245 702 τὴν
1278 648 1425 703 στήλην
1448 645 1546 703 Χαμ
1572 649 1672 704 ράτῃ
1700 651 1752 703 τῇ
1775 649 1895 690 αὑτοῦ
1924 649 2076 706 γυναικί

353 716 426 770 (ib.
453 731 494 759 n.
515 719 655 767 2320‚·
686 715 734 757 de
766 715 907 770 Voyue'
924 729 973 769 p.
994 717 1077 766 89),
1109 715 1248 757 nescio
1270 729 1396 768 quam
1423 718 1545 757 recte.

265 786 347 828 339
379 791 639 827 SEPTIMIVS
667 789 1020 826 ODAENATHVS.
1071 782 1205 825 Tituli
1224 782 1492 838 Palmyreni:
1522 783 1714 827 Graecus
1744 799 1814 839 ap.
1845 783 2076 840 Waddiny-

351 857 422 896 ton
441 857 557 897 2602
587 866 679 894 cum
703 852 890 894 versione
912 851 1098 906 Syriaca
1119 851 1413 908 (Aramaeica)
1435 867 1504 907 ap.
1527 853 1575 895 de
1601 852 1742 907 Voyiie'
1757 867 1798 897 n.
1815 856 1884 904 23,
1907 854 2077 908 positus

350 936 486 965 mense
502 920 610 976 Apr.
631 923 717 964 258
737 919 820 976 (1),·
842 920 1019 975 Syriace
1040 923 1203 962 tantum
1227 922 1422 975 scriptus,
1446 935 1512 976 ap.
1538 921 1586 964 de
1612 921 1753 976 Voyile'
1768 936 1810 965 n.
1825 924 1896 973 28,
1910 921 2078 976 positus

352 991 391 1032 ei
410 993 511 1044 post
537 992 712 1032 mortem
741 1003 879 1032 mense
902 989 1014 1044 Auy.
1045 992 1131 1033 271
1163 990 1240 1046 (2).

437 1057 676 1104 Ὀὃαίναθος
706 1071 928 1112 coynomen
957 1058 1160 1112 scriptum
1191 1061 1251 1101 est
1279 1059 1325 1100 in
1356 1061 1383 1102 t.
1406 1057 1677 1113 Palmyrenis
1698 1073 1766 1114 ap.
1792 1058 2078 1114 Waddinyton

350 1130 471 1170 2600.
504 1129 619 1170 2621
657 1126 942 1180 spectantibus
981 1126 1039 1168 ad
1060 1126 1257 1169 eiusdem
1296 1127 1492 1180 familiae
1520 1127 1707 1169 homines
1737 1128 1799 1183 (in
1826 1128 1962 1182 ipsius
1992 1130 2019 1170 t.
2051 1130 2078 1169 1

351 1206 578 1250 coynomen‘
604 1197 721 1237 extat
751 1194 928 1249 Syriace
959 1197 1153 1251 tantum),
1185 1196 1285 1237 item
1320 1196 1366 1237 in
1398 1195 1538 1238 codice
1568 1195 1772 1238 Vaticano
1803 1196 1968 1239 Zosimi
1993 1209 2078 1238 uno

353 1263 442 1306 loco
478 1262 630 1317 (altero
662 1261 931 1317 Ὀδάναιθος),
970 1263 1157 1317 idemque
1197 1278 1247 1306 ex
1286 1264 1499 1306 codicibus
1535 1265 1625 1306 sine
1662 1264 1789 1307 dubio
1829 1263 1968 1307 editur
2006 1278 2076 1319 ap.

352 1332 584 1374 Libanium
614 1346 676 1386 ep.
699 1334 795 1375 925.
828 1334 923 1381 998,
959 1333 1011 1386 cf.
1035 1335 1265 1386 praeterea
1294 1333 1416 1386 infra
1444 1333 1521 1375 sub
1550 1333 1757 1387 Septimia
1784 1332 2080 1376 Pataviniana

350 1400 548 1443 Balbilla
583 1400 935 1452 Odaenathiana;
972 1400 1190 1448 Ὀὃέναθος
1219 1401 1379 1444 Graeci
1416 1402 1576 1444 codices
1607 1401 1802 1456 plerique
1839 1401 2080 1457 (Ὠδέναθος

353 1469 491 1511 editur
523 1483 590 1522 ap.
620 1468 860 1524 Syncellum
889 1472 928 1511 et
957 1469 1206 1524 Zonaram),
1241 1469 1464 1528 Ὀὃονάῦης
1486 1470 1667 1525 Procop.
1702 1469 1795 1513 bell.
1818 1469 1940 1513 Pers.
1969 1473 2013 1521 2,
2039 1472 2078 1520 5,

353 1537 576 1580 Odenatus
625 1538 786 1580 codices
828 1539 981 1580 Latini
1019 1553 1159 1592 paene
1203 1542 1443 1581 constanter
1482 1539 1715 1593 (Odinatus
1757 1539 1886 1582 codex
1931 1539 2081 1582 unicus

354 1605 538 1648 Polemii
565 1605 736 1660 Silvii);
764 1605 940 1653 ’Έναθος
962 1606 1168 1649 Malalas.
1196 1633 1240 1637 —
1269 1606 1543 1650 Gentilicium
1572 1608 1758 1650 innotuit
1786 1622 1837 1651 ea·
1864 1610 1892 1650 t.
1915 1610 1954 1650 1.
1977 1609 2021 1651 2.

437 1673 734 1730 Palmyrenus,
769 1675 892 1717 euius
914 1673 996 1717 iam
1019 1676 1203 1717 maiores
1224 1675 1279 1717 ab
1302 1675 1636 1731 imperatoribus
1668 1674 1906 1718 honoribus
1936 1676 2080 1719 affecti

353 1749 477 1785 erant
497 1742 652 1787 Zosim.
675 1746 714 1794 1,
737 1746 805 1786 39.
857 1743 1101 1787 Odaenathi
1123 1743 1236 1786 filius
1258 1747 1455 1798 excerpta
1476 1747 1578 1799 post
1597 1743 1792 1805 Dionem,
1826 1759 1894 1799 op.
1918 1743 2082 1787 Muller

351 1812 407 1866 fr.
433 1811 530 1853 hist.
560 1809 637 1854 Gr.
657 1815 684 1854 4
705 1826 754 1866 p.
775 1813 867 1862 195,
892 1815 920 1854 7
940 1832 993 1847 =
1013 1811 1101 1854 Dio
1132 1811 1191 1854 ed.
1214 1811 1416 1866 Dindorf
1427 1815 1454 1855 5
1472 1827 1521 1867 p.
1543 1816 1645 1863 224,
1676 1827 1778 1855 nam
1806 1813 1879 1855 vix
1908 1812 2081 1855 dubium

347 1881 446 1934 quin
476 1879 544 1921 hic
573 1879 874 1934 intelleyendus
902 1881 959 1922 sit
988 1880 1261 1924 Odaenathus
1290 1881 1446 1932 iunior,
1488 1882 1561 1935 qui
1588 1882 1901 1935 interfectorem
1921 1881 2080 1936 patriS,

355 1947 596 1991 Odaenathi
621 1948 812 1999 senioris,
844 1949 1051 2004 Rufinum
1081 1949 1299 2003 quendam,
1333 1963 1477 1992 coram
1505 1949 1702 1993 Gallieno
1734 1963 1952 1994 accusasse
1979 1964 2080 1992 nar-

349 2019 474 2058 ratur
503 2030 588 2060 eoec.
621 2016 648 2060 l.
680 2030 714 2060 c.
757 2018 836 2073 (ita
874 2018 962 2060 iam
990 2018 1252 2072 Boryhesius
1283 2033 1374 2072 opp.
1407 2021 1446 2069 3,
1477 2021 1592 2075 253),
1634 2033 1890 2073 quamquam
1923 2019 1971 2062 in
2000 2018 2082 2062 hac

349 2085 599 2128 narratione
627 2088 726 2128 sunt
754 2100 860 2140 quae
890 2085 1108 2138 offendunt
1136 2085 1451 2142 (Wadclinyton
1481 2087 1538 2130 ad
1566 2102 1607 2130 n.
1629 2091 1741 2131 2600
1762 2088 1938 2130 coniecit
1966 2101 2080 2130 erra·

351 2155 439 2194 tum
483 2167 569 2196 esse
608 2154 654 2196 in
696 2156 864 2197 nomine
904 2156 1196 2209 imperatoris,
1238 2169 1340 2198 nam
1378 2155 1618 2199 Odaenathi
1646 2159 1820 2210 patrem
1856 2157 1946 2199 iam
1985 2159 2083 2199 ante

354 2220 545 2264 Gallieni
572 2223 795 2276 imperium
824 2223 960 2266 videri
988 2224 1179 2275 occisum,
1222 2227 1262 2266 et
1284 2238 1371 2278 pro
1398 2224 1599 2267 Gallieno
1628 2224 1948 2279 intelleyendum
1983 2224 2082 2267 Tre-

351 2288 580 2332 bonianum
607 2290 811 2348 Gallum).
864 2292 1038 2334 Patrem
1051 2292 1160 2334 hunc
1180 2292 1476 2336 Odaenathum
1495 2292 1782 2348 Waddinyton
1797 2292 1873 2348 (ad
1889 2306 1932 2335 n.
1948 2293 2080 2349 2600)

343 2360 476 2411 putat
496 2358 747 2413 Septimium
767 2360 1060 2403 Odaenathum
1080 2362 1154 2415 qui
1171 2361 1416 2415 praecedit,·
1438 2361 1609 2404 eundem
1631 2364 1769 2404 autem
1789 2361 1922 2415 fuisse
1946 2360 2081 2404 Odae—

349 2425 525 2468 nathum
551 2431 724 2481 patrem
756 2429 954 2484 Septimii
979 2429 1200 2472 Haeranis
1230 2431 1446 2484 principis
1477 2430 1829 2484 Palmyrenorum
1859 2443 1971 2472 anno
1997 2431 2082 2472 251

348 2493 497 2548 (supra
520 2509 561 2538 n.
583 2496 698 2551 329),
729 2500 777 2539 ut
809 2497 1081 2540 Odaenathus
1106 2499 1250 2540 iunior
1270 2498 1473 2541 Haerani
1500 2499 1636 2552 fratri
1662 2499 1821 2541 maiori
1847 2499 1895 2541 in
1916 2498 2082 2553 princi-

346 2564 460 2615 patu
480 2562 710 2618 Palmyrae
738 2567 982 2608 successerit
1004 2570 1105 2620 post
1134 2566 1182 2609 id
1211 2570 1382 2621 tempus.
1427 2566 1570 2610 Aliter
1592 2567 1879 2610 Mommsenus
1899 2566 1960 2622 (R
1969 2566 2023 2610 G.
2046 2565 2088 2608 V

350 2644 397 2683 p.
419 2632 505 2671 427
532 2635 617 2674 not.
639 2632 694 2686 1),
735 2634 810 2686 qui
839 2634 1090 2688 Septimium
1125 2634 1371 2678 Haeranem
1399 2635 1641 2678 Odaenathi
1660 2638 1834 2690 patrem
1853 2637 1998 2690 putat.
2029 2659 2081 2665 -

356 2699 546 2741 Decurio
586 2700 871 2757 Palmyrenus
911 2702 1017 2755 Ruf.
1049 2702 1204 2745 Festus
1233 2706 1302 2757 23,
1332 2703 1620 2758 Hieronymus
1650 2703 1708 2746 ad
1738 2717 1778 2745 a.
1809 2703 1918 2748 Abr.
1948 2705 2082 2748 2282.

352 2765 397 2810 ‘O
430 2767 718 2824 λαμ[πρότατος
754 2769 958 2825 ὑπατικ]ὀς
998 2770 1344 2825 (supplementum
1379 2775 1537 2814 eertum
1577 2786 1627 2814 ex
1664 2772 1852 2814 versione
1882 2769 2083 2826 Syriaca)

354 2838 382 2876 t.
413 2839 439 2876 1
470 2836 622 2888 (mense
641 2836 753 2890 Auy.
784 2840 900 2893 258).
922 2863 978 2868 -
1009 2840 1104 2881 Rex
1136 2839 1450 2883 Saracenorum
1482 2841 1684 2899 (βασιλεὺς
1713 2840 1960 2897 Σαρακηνῶν
1994 2840 2083 2896 βαρ-

350 2903 500 2959 βάρων)
532 2903 727 2946 Malalas
759 2904 783 2948 l.
815 2905 923 2947 XII
938 2920 984 2959 p.
1006 2909 1105 2949 297.
1136 2910 1224 2950 298
1254 2907 1314 2950 ed.
1346 2907 1484 2950 Bonn.

441 2971 607 3025 Persis,
651 2973 724 3027 qui
765 2979 891 3029 capto
922 2973 1154 3015 Valeriano
1196 2975 1240 3016 in
1282 2977 1528 3031 provincias
1560 2977 1775 3018 Romanas
1815 2976 2081 3035 inruperant,

350 3038 545 3081 ‘collecta
562 3039 773 3094 Syrorum
793 3042 1027 3094 agrestium
1052 3049 1197 3084 manu‘
1218 3044 1376 3086 restitit
1390 3044 1496 3098 Ruf.
1515 3043 1669 3086 Festus
1690 3044 1717 3087 l.
1741 3058 1774 3088 c.
1797 3044 1852 3098 cf.
1869 3043 2081 3098 Hierony-

350 3120 441 3148 mus
464 3106 489 3149 l.
508 3121 556 3158 c.,
582 3107 756 3150 Orosius
774 3112 810 3158 7,
827 3112 901 3159 22,
919 3113 999 3161 12,·
1020 3111 1175 3152 Persas
1196 3125 1219 3152 e
1243 3118 1358 3154 terra
1375 3113 1569 3155 Romana
1591 3112 1820 3154 redeuntes
1841 3112 1886 3154 in
1907 3111 2084 3166 regione

356 3175 645 3232 Euphratensi
673 3190 914 3232 aggressus,
944 3178 1103 3221 multos
1126 3194 1180 3221 ex
1209 3180 1261 3222 iis
1285 3181 1442 3223 cecidit
1458 3181 1678 3236 Syncellus
1693 3196 1742 3236 p.
1761 3184 1840 3223 716
1850 3193 1863 3232 ,·
1884 3180 2083 3222 Zonaras

354 3246 423 3293 12,
455 3247 538 3295 23,·
569 3245 623 3298 cf.
658 3245 855 3287 Malalas
885 3246 911 3288 l.
942 3246 1049 3289 XII
1063 3262 1110 3301 p.
1133 3250 1223 3290 297
1248 3248 1387 3292 Bonn.
1447 3249 1623 3305 Saporis
1656 3249 1880 3291 thesauros
1912 3254 1954 3289 et
1984 3262 2081 3289 con-

353 3311 535 3354 cubinas
569 3313 681 3369 cepit
710 3314 780 3356 vit.
813 3313 1034 3357 Valeriani
1060 3319 1110 3367 4;
1152 3317 1242 3358 eius
1283 3323 1415 3374 atque
1444 3317 1650 3366 Ballistae
1685 3318 1838 3360 timore
1869 3316 2008 3373 Sapor
2038 3318 2083 3358 in
