2242 3672
270 245 409 281 SEIVS
1131 233 1151 274 1
1158 233 1213 277 92
1933 238 2077 274 SEIVS

355 375 415 420 M.
436 373 620 417 Servilio
647 371 792 415 Silano
813 371 933 425 fasti.
985 370 1203 413 Successit
1233 371 1272 412 ei
1303 370 1348 411 in
1378 369 1651 426 praefectura
1680 370 1729 412 P.
1761 364 1948 413 Helvius
1976 371 2078 414 Per-

357 445 479 485 tinax
506 442 577 485 vit.
609 440 724 483 Pert.
756 439 783 481 l.
815 453 849 482 c.

270 512 354 554 244
384 510 507 553 Seius
538 508 793 562 Quadratus,
834 512 1013 563 propter
1047 506 1280 548 amicitiam
1312 505 1459 549 Seiani
1489 505 1717 548 damnatus
1746 522 1784 550 a.
1816 507 1871 549 32
1907 507 2004 552 Tae.
2035 522 2077 552 a.

355 582 393 629 6,
417 582 454 623 7.
506 577 606 620 Non
634 576 720 630 fuit
747 578 929 625 senator,
960 573 1034 617 sed
1061 573 1303 617 humilioris
1333 574 1416 617 loci
1442 574 1577 626 homo,
1614 575 1733 617 cuius
1764 575 1967 630 oriyinem
1994 577 2081 620 sibi

353 660 438 689 non
468 647 722 699 compertam
752 656 837 686 esse
868 644 932 686 ait
966 643 1064 685 Tac.
1098 643 1125 686 l.
1158 656 1192 686 c.
1921 690 1926 696 .

270 716 351 757 245
384 714 508 757 Seius
539 713 799 756 Saturninus
831 710 1106 766 (yentilicium
1134 725 1219 754 non
1240 711 1375 766 plane
1405 715 1576 763 eertum,
1614 726 1707 755 cum
1737 713 1866 756 codem
1893 713 2077 757 Floren-

355 783 466 824 tinus
507 782 571 824 bis
610 781 803 824 exhibeat
843 780 1007 831 Sieius‚
1048 780 1174 823 semel
1212 779 1405 834 Seeius),
1452 781 1795 836 archigubernus
1840 796 1897 824 ex
1941 781 2079 825 classe

353 850 628 892 Britannica:
669 849 723 891 de
762 850 855 891 eius
896 855 1151 891 testamento
1189 848 1242 891 lis
1283 855 1435 891 exorta
1464 849 1689 893 Iavolenus
1718 850 1827 893 libro
1860 850 2078 894 undecimo

352 918 631 974 epistularum
661 917 780 973 (Diq.
801 920 867 969 36,
890 921 928 969 1,
949 920 1004 960 48
1027 917 1152 975 [46]).

269 989 351 1030 246
381 988 432 1031 L.
463 987 587 1029 Seius
619 986 775 1030 Strabo
814 984 1094 1041 (praenomen
1133 1001 1184 1029 ex
1223 986 1293 1029 VI
1314 989 1421 1030 9535
1431 1000 1445 1038 ;
1488 987 1613 1030 Seius
1650 987 1807 1030 Strabo
1838 987 1881 1030 V
1900 990 2011 1031 4716
2039 991 2080 1031 et

353 1070 421 1110 ap.
447 1055 559 1106 Tac„
582 1054 740 1103 Strabo
765 1054 879 1107 Dio;
909 1054 1090 1097 Velleius
1114 1069 1264 1098 nomen
1287 1068 1373 1098 non
1393 1055 1570 1112 posuit),
1603 1056 1771 1110 origine
1789 1055 2079 1099 Vulsiniensis

361 1124 459 1167 Tac.
481 1138 521 1166 a.
542 1127 582 1175 4,
604 1127 663 1167 23
693 1124 748 1178 of.
771 1127 808 1174 6,
830 1126 871 1166 8.
928 1124 1138 1180 Princeps
1170 1124 1383 1180 equestris
1412 1123 1575 1166 ordinis
1606 1123 1746 1167 Vellei.
1774 1128 1817 1176 2,
1840 1127 1937 1168 127.
1988 1123 2078 1179 (Ab

351 1193 551 1248 Augusto
582 1193 866 1249 praetorianis
897 1193 1211 1249 praepositus);
1243 1209 1281 1238 a.
1310 1208 1352 1250 p.
1379 1192 1483 1236 Chr.
1508 1194 1562 1236 14
1590 1193 1835 1250 praefectus
1862 1195 2078 1250 praetorio

353 1261 468 1304 solus
505 1261 603 1304 Tac.
636 1275 676 1304 a.
708 1264 747 1312 1,
778 1264 835 1304 17
841 1275 855 1313 ,·
895 1261 1047 1304 eodem
1083 1276 1196 1304 anno
1238 1263 1276 1303 ei
1319 1261 1485 1317 collega
1524 1261 1651 1304 datus
1686 1262 1801 1305 filius
1836 1262 1888 1305 L.
1926 1261 2079 1305 Aelius

354 1329 535 1372 Seianus
574 1330 633 1372 ib.
663 1333 701 1380 1,
734 1333 804 1373 24.
846 1332 884 1380 6,
916 1332 967 1381 8,·
1005 1329 1094 1372 Dio
1123 1332 1189 1381 57,
1220 1332 1287 1372 19.
1348 1330 1613 1373 Praefectus·
1641 1330 1832 1388 Aegypti
1866 1329 1958 1374 Dio
1987 1330 2014 1376 l.
2045 1345 2079 1376 ε.

353 1396 662 1450 (Successorem
701 1398 832 1452 fuisse
863 1397 1010 1441 Seium
1037 1398 1084 1440 in
1116 1398 1397 1453 praefectura
1425 1398 1605 1451 Aemilii
1632 1399 1770 1451 Recti,
1801 1398 1911 1442 hwnc
1941 1402 2081 1442 autem

349 1467 615 1521 praefectum
644 1466 830 1522 Aegypti
856 1467 989 1521 fuisse
1019 1467 1072 1509 ab
1104 1481 1144 1509 a.
1156 1481 1204 1521 p.
1223 1466 1325 1510 Chr.
1346 1470 1372 1509 1
1399 1467 1458 1509 ad
1487 1482 1526 1510 a.
1547 1471 1614 1518 17,
1645 1467 1804 1510 scilicet
1831 1481 1918 1511 non
1947 1467 2082 1510 diver-

351 1548 443 1577 sum
484 1535 538 1577 ab
580 1535 786 1577 avunculo
827 1535 1011 1578 Senecae
1050 1549 1170 1589 quem
1209 1535 1248 1578 is
1286 1535 1467 1585 tradidit
1498 1536 1691 1591 Aeyypto
1723 1536 1968 1591 praefuisse
1997 1550 2083 1591 per

351 1603 528 1646 sedecim
558 1617 704 1653 annos,
742 1606 791 1645 ut
820 1603 944 1646 Seius
975 1603 1134 1647 Strabo
1164 1603 1404 1659 Aeyyptum
1434 1605 1663 1647 obtinuerit
1692 1619 1805 1647 anno
1833 1607 1900 1656 17,
1931 1605 2083 1648 statuit

353 1671 613 1725 Borghesius
654 1686 746 1726 opp.
777 1675 805 1714 4
833 1686 882 1726 p.
912 1675 1015 1723 441,
1056 1672 1130 1715 sed
1159 1673 1326 1715 omnino
1358 1672 1407 1715 de
1437 1674 1679 1715 coniectura
1708 1674 1896 1725 incerta;
1932 1673 2083 1716 nesciit

352 1740 632 1795 Boryhesius,
670 1754 763 1782 cum
801 1741 881 1783 illa
908 1741 1081 1792 statuit,
1120 1755 1232 1784 anno
1255 1756 1302 1796 p.
1331 1741 1435 1786 Chr.
1456 1745 1580 1785 10l11
1601 1742 1870 1797 praefectum
1897 1741 2086 1798 Aeyypti

352 1809 484 1862 fuisse
511 1807 557 1851 G.
578 1808 739 1851 Iulium
762 1808 999 1864 Aquilam.)
1043 1809 1232 1852 Moritur
1253 1811 1299 1852 in
1319 1809 1606 1866 praefectura,
1631 1809 1790 1852 herede
1810 1810 1877 1855 Ti.
1895 1809 2083 1854 Caesare

354 1876 473 1919 Plin.
499 1876 539 1919 h.
563 1891 605 1919 n.
627 1879 693 1927 36,
717 1879 803 1919 197
830 1877 922 1929 (ubi
951 1876 1045 1920 Seii
1071 1891 1233 1928 nomen,
1263 1878 1310 1920 in
1340 1877 1553 1920 codicibus
1582 1881 1837 1933 corruptum,
1858 1878 2085 1933 probabili

355 1946 595 1988 coniectura
622 1945 809 1988 restituit
845 1945 893 1990 Ο.
915 1945 1167 2000 Hirschfeld
1192 1946 1340 1990 Herm.
1370 1949 1411 1997 8,
1442 1946 1555 2001 473).
1615 1947 1811 1989 Uxorem
1840 1946 2030 1991 habebat
2057 1962 2082 1990 e

353 2020 501 2056 vetere
532 2020 575 2056 et
604 2013 842 2056 clarissima
872 2013 1036 2056 familia
1067 2014 1167 2059 Vell.
1190 2014 1217 2057 l.
1240 2029 1288 2066 6.,
1317 2015 1477 2058 scilicet
1505 2029 1691 2059 sororem
1716 2016 1765 2070 Q.
1786 2016 1910 2059 Iumii
1928 2016 2084 2060 Blaesi

351 2082 534 2125 consulis
563 2097 603 2125 a.
625 2097 677 2138 p.
704 2082 808 2127 Chr.
830 2087 898 2126 10.
949 2083 1080 2125 Pater
1107 2084 1160 2127 L.
1181 2083 1296 2126 Aelii
1323 2083 1469 2127 Seiani
1495 2085 1593 2128 Tac.
1623 2099 1663 2126 a.
1685 2088 1724 2135 4,
1746 2088 1785 2135 1,
1815 2084 1905 2128 Dio
1923 2087 1990 2137 57,
2011 2089 2079 2137 19,

355 2158 397 2193 et
440 2150 624 2193 aliorum
668 2151 856 2194 filiorum
893 2151 1187 2194 consularium
1228 2152 1328 2195 Vell.
1373 2152 1573 2208 (fortasse
1611 2154 1664 2196 L.
1697 2152 1790 2196 Seii
1832 2154 2081 2206 Tuberonis,

353 2220 474 2274 infra
511 2234 553 2263 n.
584 2223 683 2271 248,
729 2220 804 2263 sed
839 2221 921 2263 vix·
950 2220 1017 2264 M.
1060 2221 1153 2264 Seii
1191 2220 1369 2272 Verani,
1414 2224 1463 2264 ut
1504 2221 1637 2264 voluit
1674 2221 1886 2276 Boryhesi
1928 2236 2023 2278 opp.
2052 2225 2081 2265 4

347 2303 395 2343 p.
417 2291 497 2331 445
516 2302 612 2342 seq„
644 2289 699 2342 cf.
729 2290 852 2343 infra
879 2290 955 2332 sub
986 2288 1093 2338 hoc).
1123 2315 1180 2320 —
1212 2289 1337 2333 Servi
1369 2291 1460 2333 eius
1495 2290 1535 2333 V
1555 2293 1676 2333 4716.
1714 2290 1783 2333 VI
1803 2293 1923 2336 9535.

269 2357 351 2399 247
386 2363 525 2399 SEIVS
563 2362 843 2400 SVPERSTES
881 2364 1055 2400 curator
1096 2364 1145 2401 ut
1183 2358 1360 2401 videtur
1400 2373 1581 2415 operum
1619 2361 1900 2416 locorumque
1938 2358 2079 2416 publi-

353 2440 513 2478 corum,
546 2440 635 2467 una
665 2440 762 2467 cum
792 2425 927 2468 Fabio
958 2426 1119 2481 Magno
1151 2427 1300 2482 (supra
1329 2427 1378 2469 F
1392 2426 1463 2482 34)
1495 2427 1563 2470 VI
1575 2429 1682 2470 1585
1691 2426 1707 2453 ⁶
1726 2441 1762 2470 v.
1782 2430 1849 2473 41.

271 2493 353 2535 248
386 2500 431 2534 L.
463 2499 603 2535 SEIVS
635 2500 833 2536 TVBERO
865 2494 970 2550 (tria
997 2495 1172 2538 nomina
1202 2498 1347 2537 eoetant
1374 2496 1422 2538 in
1450 2496 1577 2550 fastis
1596 2495 1764 2538 Antiat.
1787 2498 1827 2538 et
1851 2495 1937 2538 XI
1946 2498 2056 2539 3196
2065 2509 2080 2548 ;

354 2561 478 2603 Seius
518 2561 692 2605 Tubero
729 2562 845 2612 Tac.)
886 2562 1055 2618 legatus
1095 2564 1345 2607 Germanici
1385 2565 1429 2605 in
1470 2564 1706 2608 Germania
1745 2579 1782 2607 a.
1812 2579 1855 2621 p.
1887 2563 1991 2608 Chr.
2027 2565 2078 2607 16

358 2629 456 2672 Tac.
488 2644 527 2673 a.
557 2633 601 2681 2,
632 2634 703 2673 20.
758 2630 922 2674 Consul
953 2647 990 2674 a.
1023 2647 1063 2688 p.
1093 2631 1196 2675 Chr.
1231 2632 1282 2673 18
1325 2647 1424 2674 cum
1461 2631 1731 2686 Germanico,
1774 2632 1978 2675 suffectus
2008 2632 2076 2677 Ti.

353 2697 529 2740 Caesari
568 2698 654 2740 kal.
695 2699 824 2744 Febr.
866 2706 915 2742 ut
953 2700 1129 2742 videtur
1168 2701 1276 2755 fasti
1301 2700 1501 2743 Antiates
1530 2699 1668 2755 (CIL.
1696 2701 1731 2743 Ι
1753 2700 1815 2743 ed.
1846 2703 1878 2745 2
1907 2715 1957 2756 p.
1989 2699 2077 2756 72),

352 2766 460 2819 fasti
495 2767 624 2819 fratr.
663 2766 768 2809 Arv.
809 2768 883 2823 (ib.
915 2783 965 2823 p.
999 2771 1080 2819 70),
1119 2770 1173 2823 cf.
1204 2769 1291 2811 XI
1311 2772 1430 2813 3196.
1498 2767 1552 2811 A.
1584 2770 1640 2811 24
1677 2768 1845 2811 defecto
1885 2783 2076 2826 corpore,

352 2849 379 2875 a
407 2833 538 2876 Vibio
560 2834 720 2876 Sereno
748 2843 976 2879 accusatur
996 2837 1163 2879 Tiberii
1194 2836 1372 2879 insidias
1403 2837 1625 2892 struxisse,
1658 2836 1735 2879 sed
1764 2839 1909 2880 statim
1940 2852 1964 2880 e
1993 2838 2077 2880 reis

354 2908 591 2957 exemptus,
623 2903 783 2959 quippe
814 2919 869 2946 ex
897 2906 1050 2947 intima
1080 2904 1245 2947 Tiberii
1276 2906 1467 2948 amicitia
1501 2905 1600 2948 Tac.
1624 2920 1664 2948 a.
1682 2909 1722 2957 4,
1742 2908 1815 2949 29.

269 2969 353 3011 249
383 2976 436 3013 Μ.
469 2976 609 3012 SEIVS
641 2976 873 3014 VERANVS
906 2973 1059 3015 consul
1099 2973 1235 3028 (suff.)
1277 2988 1374 3015 cum
1413 2973 1548 3016 Lusio
1580 2973 1815 3017 Saturnino
1846 2977 1876 3018 t.
1908 2973 2079 3018 Saloni-

356 3040 480 3079 tanus
510 3038 599 3080 III
618 3041 737 3082 2028
766 3059 822 3074 =
853 3041 942 3083 III
975 3042 1022 3084 S.
1061 3045 1171 3085 8753
1213 3042 1339 3085 semel
1383 3045 1548 3084 tantum
1592 3045 1631 3085 et
1674 3042 1784 3085 male
1831 3042 2076 3096 descriptus.

356 3105 510 3148 Consul
538 3106 624 3159 fuit
653 3108 907 3161 temporibus
936 3109 1043 3151 Gaii
1060 3110 1123 3152 vel
1150 3109 1187 3153 Ο
1193 3110 1342 3161 laudii,
1374 3113 1482 3153 certe
1510 3124 1596 3153 non
1626 3114 1723 3153 ante
1753 3125 1793 3153 a.
1816 3113 1871 3153 35
1889 3125 1937 3165 p.
1960 3109 2077 3162 Chr„

352 3176 400 3215 ut
440 3177 619 3228 apparet
658 3189 708 3216 eoe
744 3177 950 3219 mentione
990 3177 1041 3220 P.
1075 3179 1272 3220 Memmii
1308 3178 1466 3233 Reyuli
1505 3179 1646 3233 leyati.
1721 3178 1802 3221 Vix
1839 3179 1972 3233 iyitur
2010 3176 2078 3219 hic

354 3242 480 3296 (quod
509 3242 683 3284 coniecit
701 3241 959 3297 Borqhesius
980 3259 1073 3300 opp.
1093 3250 1120 3288 4
1142 3262 1189 3301 p·
1211 3245 1306 3301 446)
1335 3260 1446 3289 unus
1475 3261 1526 3289 ex
1554 3247 1767 3300 fratribus
1788 3246 1949 3296 Seiani,
1976 3258 2078 3299 quos

353 3310 440 3350 iam
470 3312 568 3351 ante
599 3324 639 3353 a.
669 3313 721 3352 31
753 3311 971 3354 consulatu
1001 3314 1167 3366 functos
1195 3317 1402 3357 memorat
1431 3314 1609 3357 Velleius
1639 3318 1682 3365 2,
1713 3318 1809 3357 127.
