2242 3672
179 256 405 295 SEVERVS
1050 257 1133 300 235
1793 265 1999 302 SEXTIVS

187 414 246 420 —
288 396 342 432 M.
375 397 617 434 SEDATIVS
650 399 874 436 SEVERVS
905 401 1072 437 IVLIVS
1102 401 1334 437 REGINVS.

189 483 246 489 —
291 466 331 502 C.
365 466 573 502 SENTIVS
605 467 829 504 SEVERVS
862 469 1176 514 QVADRATVS,

188 552 247 557 —
292 535 556 571 SEPTIMIVS
589 535 827 573 SEVERVS.

187 621 246 626 —
292 597 527 653 Septimius
560 597 762 641 Severus.

187 690 244 696 —-
289 672 390 709 IMP.
424 673 620 709 CAESAR
649 674 694 711 L.
728 674 992 711 SEPTIMIVS
1025 676 1249 713 SEVERVS
1280 677 1550 716 AVGVSTVS.

188 758 243 764 —
291 740 566 778 SERTORIVS
600 743 838 779 SEVERVS.

187 827 244 832 -—
288 803 338 846 T.
374 803 574 847 Statilius
605 805 824 847 Maximus
857 806 1128 863 Se[ve]r[us].

290 873 340 916 T.
374 872 572 916 Statilius
602 874 823 916 Maximus
856 874 1045 918 Severus
1079 877 1343 920 Hadrianus,

185 965 244 971 —
287 948 331 984 T.
364 948 625 985 STATILIVS
659 949 899 986 SEVERVS.

186 1033 242 1039 —
286 1009 353 1052 Τι’.
386 1010 585 1054 Statilius
617 1010 820 1054 Severus.

183 1103 241 1109 —·
286 1080 493 1136 GAL(EO)
526 1086 808 1122 TETTIENVS
843 1087 1086 1124 SEVERVS.

185 1172 245 1178 --
288 1155 351 1192 ΤΙ.
383 1154 616 1191 TVTINIVS
647 1155 887 1191 SEVERVS.

191 1242 241 1247 --
288 1224 327 1260 C.
359 1223 611 1260 VALERIVS
641 1224 879 1261 SEVERVS.

183 1311 242 1316 —
287 1293 330 1329 L.
362 1292 663 1329 VERVLANVS
696 1293 935 1329 SEVERVS.

184 1380 242 1385 -—
283 1362 323 1398 C.
354 1362 639 1398 VETTENIVS
671 1362 909 1400 SEVERVS.

184 1448 242 1454 —
285 1425 443 1468 Vibius
475 1426 678 1469 Severus.

182 1517 242 1523 —
286 1500 326 1537 C.
356 1501 535 1537 VLPIVS
566 1501 820 1536 AELIANVS
853 1501 1093 1538 SEVERVS.

169 1563 253 1605 456
282 1570 334 1606 M.
369 1570 630 1606 SEXTILIVS
667 1564 721 1617 Q.
753 1564 796 1618 f.,
838 1564 1041 1606 triumvir
1080 1579 1181 1606 aere
1221 1572 1401 1619 argento
1441 1580 1546 1608 auro
1587 1565 1732 1608 flando
1770 1566 1996 1619 feriund03

256 1631 415 1675 duovir
446 1632 604 1688 (Antii)
637 1633 703 1676 bis
734 1636 762 1675 t.
789 1632 1045 1675 Antiatinus
1076 1633 1125 1675 X
1153 1636 1273 1675 6661.
1336 1634 1462 1677 Uxor
1492 1634 1630 1677 Fabia
1662 1635 1709 1676 P.
1740 1634 1770 1677 f.
1802 1635 1858 1677 ib.

169 1713 252 1756 457
285 1713 495 1757 Sextilius
525 1713 722 1757 Antaeus
754 1714 833 1768 (sic
863 1717 901 1764 1,
933 1716 1006 1764 28,
1030 1717 1261 1768 praeterea
1284 1714 1515 1769 Antaeus),
1548 1716 1661 1757 inter
1691 1722 1891 1758 auctores
1923 1731 1993 1758 ex-

255 1789 401 1825 ternos
432 1798 542 1840 quos
583 1782 783 1825 adhibuit
823 1782 878 1824 de
917 1782 1147 1825 arboribus
1190 1789 1232 1825 et
1273 1782 1327 1825 de
1367 1798 1414 1825 re
1454 1783 1624 1826 medica
1661 1791 1937 1826 enumeratus
1968 1800 1994 1826 a

255 1849 395 1894 Plinio
426 1851 467 1894 h.
488 1866 530 1894 n.
551 1856 590 1903 1,
613 1855 683 1895 12.
704 1855 769 1896 13.
791 1854 874 1903 28;
904 1853 1063 1894 citatur
1092 1852 1149 1894 ib.
1175 1854 1247 1903 28,
1271 1855 1310 1894 7.

169 1932 253 1974 458
283 1931 494 1975 Sextilius
518 1932 649 1975 *Ena
668 1931 912 1987 (coynomen
934 1935 1211 1989 corruptum),
1244 1932 1556 1987 Cordubensis,
1590 1942 1719 1989 poeta
1750 1934 1990 1989 mediocris,

257 1999 479 2044 Ciceronis
509 2008 693 2044 mortem
724 2001 900 2043 deflevit
931 2002 1122 2044 carmine
1153 2001 1270 2058 quod
1310 2002 1512 2043 recitavit
1543 2003 1586 2043 in
1618 2002 1744 2044 domo
1781 2002 1993 2045 Messalae

257 2069 449 2125 Corvini,
481 2078 710 2128 praesente
740 2071 893 2113 Asinio
925 2070 1120 2113 Pollione
1152 2071 1315 2114 Seneca
1344 2084 1458 2113 suas.
1491 2074 1528 2121 6,
1561 2074 1632 2114 27.

170 2152 253 2194 459
286 2151 495 2196 Sextilius
525 2151 675 2206 Felix,
719 2167 758 2194 a.
789 2152 844 2194 69
884 2152 1041 2194 missus
1074 2167 1100 2193 a
1129 2150 1316 2194 ducibus
1357 2151 1664 2194 Flavianorum
1708 2153 1848 2209 ripam
1877 2152 1990 2195 Aeni

255 2220 457 2276 fluminis,
492 2221 609 2278 quod
630 2221 789 2263 Raetos
819 2220 1091 2277 Noricosque
1122 2220 1341 2276 interfluit,
1375 2235 1473 2263 cum
1504 2220 1573 2263 ala
1598 2221 1795 2263 Auriana
1825 2228 1868 2263 et
1898 2229 1992 2264 octo

256 2290 506 2333 cohortibus
548 2297 590 2332 et
631 2291 858 2332 iuventute
898 2289 1158 2331 Noricorum
1200 2290 1432 2346 occupavit
1468 2290 1567 2333 Tac.
1598 2290 1639 2332 h.
1669 2293 1708 2341 3,
1739 2292 1766 2332 5
1794 2291 1993 2345 (fortasse

256 2363 518 2415 procurator
540 2358 725 2413 Noricz).
776 2357 831 2401 A.
855 2358 908 2401 70
931 2374 1017 2401 una
1039 2373 1137 2401 cum
1159 2358 1408 2401 cohortibus
1430 2358 1673 2401 auxiliariis
1695 2373 1773 2415 per
1796 2360 1991 2401 Raetiam

256 2430 422 2485 inrupit
451 2430 498 2470 in
530 2427 694 2473 Gallias
729 2442 842 2484 quae
873 2426 1195 2470 rebellaverant
1223 2428 1281 2470 ib.
1306 2431 1345 2479 4,
1370 2431 1437 2470 70.

169 2511 254 2553 460
286 2516 521 2553 SEXTILIA
552 2509 717 2565 (nomen
749 2524 817 2564 ap.
850 2509 949 2552 Tac.
970 2508 1008 2551 k.
1035 2512 1080 2560 2,
1111 2512 1164 2551 64
1194 2511 1234 2551 et
1264 2508 1380 2552 Suet.
1414 2509 1494 2552 Vz't.
1515 2511 1572 2564 3),
1607 2523 1719 2551 uxor
1749 2508 1800 2550 L.
1823 2507 1989 2550 Vitellii

255 2585 322 2622 ter
341 2578 542 2634 consulis,
565 2585 704 2621 mater
725 2578 776 2621 A.
799 2577 977 2632 Vitellii,
1006 2593 1134 2634 quem
1157 2579 1326 2635 peperit
1346 2594 1384 2620 a.
1406 2593 1448 2634 p.
1473 2576 1575 2620 Chr.
1599 2578 1663 2630 15,
1688 2584 1730 2619 et
1751 2577 1801 2621 L.
1825 2576 1992 2618 Vitellii

257 2648 378 2692 Suet.
410 2648 490 2693 Va.
525 2651 565 2692 3.
627 2646 950 2702 Probatissima,
980 2661 1060 2689 nec
1089 2646 1296 2702 ignobilis
1327 2646 1490 2688 femina
1518 2646 1601 2697 ib.;
1631 2645 1794 2688 femina
1823 2646 1990 2701 antiqui

255 2719 387 2760 moris
424 2717 522 2760 Tac.
554 2717 594 2761 h.
626 2721 670 2768 2,
702 2719 756 2760 64
788 2717 843 2771 cf.
873 2720 913 2767 3,
948 2719 1014 2759 67.
1084 2715 1245 2758 Filium
1279 2715 1546 2773 appellatum
1577 2715 1882 2771 imperatorem
1912 2728 1990 2770 pro

258 2785 420 2829 afflicto
453 2787 598 2828 statim
628 2785 865 2828 lamentata
891 2792 955 2827 est
976 2784 1093 2828 Suet.
1118 2785 1143 2828 l.
1167 2799 1199 2828 c.
1252 2784 1366 2828 Otho
1400 2785 1491 2826 eius
1521 2798 1670 2826 curam
1698 2783 1850 2825 habuit
1870 2782 1990 2825 Plut.

258 2855 352 2899 Oth.
373 2858 413 2898 5.
434 2859 499 2898 16.
550 2855 706 2898 Victor
733 2853 936 2897 Vitellius
967 2854 1150 2896 Romam
1182 2855 1402 2908 ingressus
1432 2852 1661 2907 Augustae
1692 2852 1865 2894 nomine
1896 2865 1990 2892 eam

256 2923 488 2968 honoravit
515 2925 612 2968 Tac.
634 2924 676 2967 h.
697 2928 740 2976 2,
765 2926 834 2967 89.
885 2924 1089 2966 Exeunte
1121 2939 1159 2968 a.
1183 2924 1237 2966 69
1262 2924 1446 2965 moritur
1476 2921 1590 2964 fessa
1620 2927 1760 2963 aetate
1781 2921 1839 2963 ib.
1860 2923 1899 2970 3,
1923 2923 1989 2962 67.

172 3006 253 3048 461
287 3005 477 3058 Sextius,
501 3005 555 3059 Q.
578 3005 718 3048 Sextii
739 3004 984 3062 philosophi
1012 3004 1148 3059 (infra
1167 3017 1210 3045 n.
1229 3003 1328 3052 474)
1355 3002 1482 3055 filius,
1516 3008 1558 3043 et
1588 3003 1680 3057 ipse
1709 2999 1992 3057 philosophus

258 3075 420 3118 Seneca
458 3077 548 3118 nat.
589 3077 747 3129 quaest.
780 3077 817 3126 7,
849 3077 927 3128 32,
960 3077 1016 3124 2,·
1063 3073 1204 3126 Quint.
1246 3072 1344 3114 inst.
1386 3074 1451 3121 10,
1490 3074 1536 3119 1,
1577 3073 1661 3112 124
1671 3083 1684 3120 ;
1724 3067 1992 3112 Claudianus

258 3143 500 3186 Mamertus
541 3143 590 3186 de
628 3146 745 3186 statu
781 3143 950 3186 animae
979 3145 1023 3192 2,
1054 3143 1094 3183 8.
1162 3140 1367 3182 Fortasse
1406 3139 1474 3181 hic
1515 3138 1687 3181 Sextius
1729 3137 1876 3192 Niyer,
1918 3138 1993 3191 qui

258 3211 422 3255 Graece
452 3212 502 3255 de
530 3212 742 3255 medicina
773 3212 958 3266 scripsit,
992 3210 1046 3264 cf.
1078 3209 1201 3263 infra
1228 3209 1305 3250 sub
1334 3208 1382 3261 Q.
1414 3207 1560 3250 Sextio
1593 3206 1744 3261 Niyro.

171 3293 255 3335 462
286 3300 329 3335 L.
365 3292 605 3348 SEXT[IVS]
640 3325 649 3335 .
668 3325 678 3336 .
697 3325 708 3335 .
726 3325 736 3335 .
768 3298 944 3349 praetor
975 3290 1232 3347 peregrinus
1262 3304 1300 3332 a.
1323 3303 1364 3344 p.
1388 3286 1490 3330 Chr.
1513 3288 1569 3330 26
1599 3287 1707 3340 fasti
1735 3287 1861 3341 fratr.
1882 3286 1987 3329 Arv.

258 3361 383 3417 (CIL
414 3362 447 3404 Ι
469 3362 530 3406 cd.
553 3365 585 3405 2
606 3376 654 3416 10·
678 3361 762 3409 71).
822 3360 890 3414 Cf.
917 3360 1038 3413 infra
1069 3358 1145 3400 sub
1178 3357 1325 3400 Sextio
1356 3355 1619 3398 Paconq'ano.
