2242 3672
267 290 507 326 VOLVSIVS
1123 279 1209 322 484
1826 288 2070 327 VOLVSIVS

354 425 382 464 t.
405 425 443 471 9,
475 421 524 463 L.
547 419 750 462 Volusius
788 417 1021 460 Columella
1047 420 1087 467 1,
1116 420 1153 467 7,
1191 417 1290 459 Tac.
1314 430 1354 458 a.
1376 419 1446 467 12,
1468 418 1543 459 22.
1569 418 1635 471 13,
1655 418 1723 468 30,
1754 416 1806 462 L.
1838 417 2075 473 [Volu]sius

354 493 381 532 t.
414 492 487 539 11,
528 487 733 531 Volusius
767 486 865 528 Tac.
899 500 938 529 a.
969 488 1044 535 14,
1077 487 1142 529 56.
1203 485 1258 527 In
1289 483 1510 526 consulatu
1539 484 1591 527 L.
1615 483 1821 527 Volusius
1853 485 2074 530 Saturnin.

352 557 449 601 XV
469 559 596 606 4571,
628 555 679 599 L.
708 553 914 597 Volusius
947 553 1118 597 Saturn.
1150 553 1199 595 X
1224 555 1331 603 824,
1364 552 1413 594 L.
1446 551 1653 595 Volusius
1684 552 1936 609 [Saturni]n.
1970 555 2077 609 fasti

353 626 470 680 Cap„
496 625 546 666 L.
570 622 776 666 Volusius
809 623 916 676 fasti
942 623 1071 676 fratr.
1104 621 1222 675 Aru,
1256 621 1308 663 L.
1340 619 1577 675 Volu[sius]
1608 621 1716 675 fasti
1742 620 1918 667 Gabini.

437 694 487 735 L.
519 692 561 745 f.,
594 691 646 744 Q.
680 691 752 746 [n.]
783 691 891 745 fasti
917 689 1021 745 Cap.
1089 689 1232 732 Filius
1261 689 1353 731 sine
1383 689 1511 731 dubio
1541 690 1629 732 eius
1654 691 1729 744 qui
1753 691 1972 745 praecedit
2000 691 2076 746 (ex

353 762 495 804 Nonia
534 759 657 803 Polla
697 763 725 803 t.
755 759 840 813 10).
900 758 1039 800 Natus
1079 773 1118 800 a.
1159 773 1199 800 u.
1242 773 1277 800 e.
1311 757 1414 812 716,
1454 756 1619 804 scilicet
1657 758 1885 801 defunctus
1923 774 1961 802 a.
1992 759 2076 802 809

355 850 409 864 :2
430 845 471 885 p.
494 828 597 872 Chr.
621 829 675 870 56
706 834 803 884 post
836 834 940 869 ‘tres
972 833 1014 869 et
1044 827 1282 881 nonaginta
1310 841 1444 868 annos
1471 827 1660 882 spatium
1690 827 1884 870 vivendi³
1910 828 2010 872 Tac.
2034 843 2075 872 a.

354 901 419 949 13,
445 901 501 940 30
531 897 898 952 (‘nonagesimum
931 897 1117 938 excessit
1143 901 1321 937 annum³
1356 895 1484 937 etiam
1516 894 1688 938 Plinius
1717 895 1757 938 h.
1788 910 1829 938 n.
1857 900 1923 948 11,
1953 898 2077 953 223).

355 965 515 1010 Consul
547 969 575 1008 t.
599 969 637 1009 1.
657 969 699 1015 2,
733 964 850 1006 Plin.
871 964 911 1022 h.
933 978 973 1008 n.
997 967 1034 1015 7,
1057 967 1149 1015 156,
1183 964 1280 1006 suff.
1304 979 1340 1006 a.
1364 964 1446 1006 756
1466 984 1523 998 Ξ
1543 979 1585 1020 p.
1608 963 1711 1007 Chr.
1732 965 1758 1007 3
1789 979 1846 1007 ex
1874 965 1964 1009 kal.
1995 965 2078 1009 Iul.

354 1050 451 1077 cum
491 1035 539 1076 P.
573 1033 678 1077 Silio
718 1034 825 1087 fasti
851 1032 979 1087 Cap.‚
1014 1033 1123 1086 fasti
1149 1032 1336 1084 Gabini,
1375 1033 1484 1086 fasti
1520 1033 1649 1086 fratr.
1681 1032 1787 1076 Arv.
1818 1034 1873 1088 cf.
1903 1034 1951 1076 X
1977 1037 2078 1079 824.

352 1102 450 1146 XV
470 1105 577 1145 4571
605 1102 748 1155 (vetus
781 1100 1019 1143 consularis
1047 1100 1264 1143 Columell.
1285 1104 1324 1151 1,
1346 1103 1384 1151 7,
1407 1101 1465 1155 3).
1513 1099 1672 1156 Augur
1702 1104 1730 1143 t.
1751 1105 1791 1144 1.
1811 1105 1855 1145 2.
1907 1102 2079 1147 Sodalis

354 1161 605 1226 Augustalis
632 1173 658 1212 t.
681 1173 706 1212 1
735 1171 790 1224 cf.
813 1173 840 1212 t.
862 1174 905 1213 2.
961 1169 1130 1213 Sodalis
1163 1170 1305 1212 Titius
1336 1172 1364 1213 t.
1386 1173 1425 1211 1.
1447 1172 1490 1213 2.
1541 1169 1782 1213 Proconsul
1810 1170 1943 1214 Asiae
1973 1174 2002 1214 t.
2025 1175 2080 1215 10

355 1239 442 1293 (hie
468 1243 594 1295 puto,
634 1253 887 1293 quamquam
917 1253 967 1281 ex
1006 1239 1222 1294 yentilicio
1251 1238 1419 1281 nomine
1447 1238 1563 1281 solae
1593 1253 1688 1285 -σιος
1718 1238 1884 1284 litterae
1913 1242 2081 1292 extant,-

354 1309 520 1351 litterae
553 1309 605 1365 pt}
630 1311 731 1362 post
760 1308 936 1350 multum
965 1308 1152 1363 spatium
1182 1321 1360 1349 vacuum
1389 1307 1436 1348 in
1467 1306 1607 1349 eodem
1637 1306 1779 1362 lapide
1812 1308 1972 1351 incisae
2009 1309 2082 1352 vix

354 1391 510 1420 annum
531 1377 795 1419 centesimum
814 1391 970 1419 nonum
992 1391 1118 1419 aerae
1135 1376 1447 1430 qualiscumque
1467 1375 1741 1431 siqnificanvy.
1782 1376 1973 1432 Legatus
1989 1376 2080 1420 divi

356 1446 543 1501 Augusti
565 1444 719 1498 (nescio
739 1445 830 1493 ubi)
853 1449 880 1488 t.
900 1449 937 1488 1.
983 1446 1174 1500 Legatus
1195 1459 1273 1501 pro
1295 1459 1359 1501 pr.
1381 1443 1627 1487 Dalmatiae
1650 1448 1678 1487 t.
1698 1447 1735 1495 9,
1768 1445 2080 1502 imperantibus

354 1515 528 1557 Tiberio
562 1517 589 1556 t.
619 1517 658 1558 1.
688 1517 731 1558 2.
761 1517 808 1568 4,
853 1520 895 1556 et
925 1515 1035 1558 Gaio
1067 1517 1094 1558 t.
1125 1516 1164 1556 5.
1197 1516 1234 1555 6.
1265 1516 1304 1555 7.
1334 1516 1362 1555 8
1400 1513 1456 1567 cf.
1492 1516 1521 1555 t.
1550 1516 1589 1568 3,
1633 1519 1863 1556 revocatus
1903 1529 1930 1556 a
1969 1514 2081 1559 Gaio

355 1581 530 1635 (scilicet
550 1597 600 1625 ex
618 1583 707 1625 III
721 1582 767 1626 S.
790 1585 924 1625 98640
945 1585 1126 1637 apparet
1153 1582 1242 1624 iam
1266 1582 1357 1623 vivo
1380 1580 1494 1624 Graio
1515 1580 1767 1624 Dalmatiae
1787 1583 2083 1638 praepositum

356 1665 439 1694 esse
478 1652 528 1694 L.
557 1650 814 1693 Arruntium
850 1650 1078 1695 Camillum
1118 1649 1479 1704 Scribonianum).
1539 1649 1790 1692 Praefectus
1833 1651 1929 1694 urbi
1960 1651 2080 1694 Plin.

355 1720 394 1762 h.
424 1733 467 1762 n.
498 1723 535 1770 7,
566 1723 635 1763 62.
673 1724 738 1774 11,
768 1723 860 1763 223
870 1733 883 1771 ;
913 1723 941 1762 t.
972 1723 1008 1769 3.
1030 1719 1291 1775 (successisse
1319 1717 1485 1760 videtur
1520 1719 1568 1772 Q.
1601 1717 1839 1772 Sanquinio
1870 1720 2080 1772 Maximo,

354 1803 472 1844 quem
504 1802 616 1830 anno
644 1791 698 1830 39
720 1790 990 1843 praefectum
1018 1788 1161 1839 urbis,
1176 1790 1330 1842 postea
1360 1787 1544 1842 leyatum
1576 1786 1835 1830 Germaniae
1864 1788 2084 1844 inferioris

356 1859 487 1912 fuisse
525 1858 700 1908 scimus,·
736 1858 1021 1912 Sanquinium
1057 1872 1096 1900 a.
1125 1861 1184 1901 42
1222 1856 1396 1899 missum
1433 1869 1519 1899 esse
1557 1857 1604 1898 in
1642 1855 1920 1899 Germaniam
1959 1871 2084 1912 eoque

355 1928 446 1981 ipso
470 1940 579 1968 anno
606 1927 645 1969 ei
673 1927 719 1969 in
741 1928 1021 1981 praefectura
1039 1926 1283 1969 successisse
1311 1924 1527 1968 Volusium
1546 1924 1807 1980 Boryhesius
1827 1940 1921 1980 opp.
1938 1928 1978 1977 3,
1998 1929 2084 1971 326
2138 1973 2147 1983 ‚

356 2009 440 2038 non
474 1995 582 2037 satis
611 1996 736 2038 certis
766 2010 817 2038 ex
847 1996 989 2038 causis
1018 1994 1185 2049 effecit)
1242 1994 1404 2037 Mansit
1431 1993 1675 2050 praefectus
1705 2008 1842 2051 usque
1868 1994 1925 2037 ad
1953 1995 2083 2038 finem

358 2065 473 2106 vitae
504 2079 606 2106 suae
635 2063 752 2107 Plin.
782 2064 822 2107 h.
853 2079 894 2107 n.
924 2067 964 2115 7,
996 2067 1065 2108 62.
1128 2063 1356 2120 Superstes
1397 2063 1590 2105 omnium
1629 2077 1736 2119 quos
1777 2063 1824 2104 in
1857 2062 2083 2107 consulatu

356 2133 613 2175 sententiam
644 2139 874 2187 rogaverat
903 2133 1019 2177 Plin.
1042 2133 1082 2175 h.
1103 2146 1145 2177 n.
1170 2135 1207 2183 7,
1230 2134 1322 2176 156.
1370 2131 1604 2174 ‘Inoffensa
1624 2131 1663 2172 ei
1684 2137 1748 2173 tot
1775 2131 2084 2188 imperatorum

360 2201 549 2243 amicitia
580 2201 762 2254 (malitia
793 2202 998 2256 traditur)
1029 2201 1129 2243 fuit>
1158 2201 1256 2244 Tac.
1282 2215 1321 2243 a.
1344 2204 1414 2251 13,
1434 2203 1501 2244 30.
1553 2200 1754 2242 Decessit
1783 2214 1822 2242 a.
1843 2200 1898 2243 56
1920 2200 2020 2245 Tac.
2043 2215 2082 2244 a.

362 2272 422 2319 13,
444 2272 510 2313 30.
563 2270 708 2311 Mores
730 2271 821 2312 eius
842 2269 1076 2312 laudantur
1096 2270 1153 2312 ib.
1201 2269 1394 2312 Divitiae
1415 2268 1509 2310 eius
1530 2267 1842 2316 bonisartibus
1864 2269 2084 2324 quaesitae

365 2338 461 2380 Tac.
483 2352 522 2380 a.
544 2341 609 2389 13,
629 2341 697 2382 30,
726 2342 791 2389 14,
813 2342 867 2381 56
876 2352 890 2390 ;
921 2337 1152 2382 Columella
1180 2341 1219 2389 1,
1247 2341 1284 2389 7,
1303 2340 1343 2382 3.

444 2406 568 2450 Uxor
598 2405 689 2458 (sed
715 2408 785 2449 vim
807 2409 973 2462 prima)
1003 2406 1206 2450 Cornelia
1238 2406 1490 2463 Scipionum
1518 2406 1660 2461 gentis
1687 2405 1808 2450 Plin.
1829 2405 1869 2450 h.
1889 2420 1930 2450 n.
1954 2409 1991 2457 7,
2012 2409 2083 2458 62,

360 2490 414 2516 ex
445 2490 531 2530 qua
560 2476 710 2529 genuit
739 2482 837 2532 post
856 2477 987 2519 LXII
1009 2491 1171 2518 annum
1202 2475 1247 2531 (i.
1269 2490 1302 2519 e.
1325 2489 1365 2519 a.
1387 2489 1436 2529 p.
1462 2473 1567 2517 Chr.
1589 2477 1663 2528 25)
1683 2474 1915 2517 Volusium
1938 2474 2084 2518 Satur-

359 2544 510 2585 ninum
541 2544 759 2586 consulem
786 2542 854 2598 (Q.
887 2545 1103 2587 Volusium
1134 2543 1343 2587 consulem
1372 2558 1412 2586 a.
1433 2545 1488 2586 56
1515 2543 1638 2597 infra
1664 2557 1706 2585 n.
1729 2545 1824 2598 664)
1856 2542 1971 2586 Plin.
2001 2543 2027 2586 l.
2049 2556 2083 2586 c.

359 2611 487 2653 Alius
507 2612 635 2666 filius,
667 2612 743 2655 hoc
762 2614 914 2664 maior,
943 2613 1109 2656 videtur
1129 2613 1180 2657 L.
1203 2612 1411 2655 Volusius
1434 2611 1707 2666 Saturninus,
1739 2611 1790 2654 L.
1813 2610 1854 2666 f.,
1888 2610 2085 2668 pontifex

360 2679 414 2731 (is
435 2680 507 2733 qui
526 2680 726 2734 sequitur)
759 2681 827 2727 VI
838 2684 967 2732 7393‚·
996 2681 1092 2736 filia
1121 2682 1304 2735 fortasse
1323 2679 1505 2723 Volusia
1531 2678 1733 2722 Cornelia
1754 2679 1892 2734 (infra
1911 2692 1953 2721 n.
1975 2681 2083 2736 667).

361 2747 504 2790 Huius
532 2751 579 2789 ut
607 2748 771 2790 videtur
803 2749 1000 2792 Cornelia
1028 2764 1137 2792 uxor
1158 2748 1361 2792 Cornelia
1389 2748 1436 2792 L.
1459 2747 1643 2803 [Volu]si
1675 2747 1744 2790 VI
1755 2749 1867 2789 7387
1892 2747 1986 2791 int.
2009 2761 2085 2795 an-

362 2816 506 2867 cillae;
544 2815 747 2858 Cornelia
776 2818 826 2861 L.
857 2818 908 2871 f.,
954 2818 1105 2860 Volusi
1143 2817 1366 2860 Saturnini
1396 2831 1438 2873 p.
1470 2817 1518 2871 (i.
1551 2831 1583 2858 e.
1615 2819 1723 2871 puto
1762 2815 1918 2871 patriS,
1961 2814 2086 2869 idque

363 2883 570 2926 adiectum
599 2888 647 2926 ut
677 2885 1002 2940 distinyueretur
1033 2901 1061 2929 a
1093 2887 1145 2928 L.
1177 2886 1346 2928 Volusio
1377 2884 1613 2928 Saturnino
1646 2884 1761 2939 filim·
1800 2882 1864 2926 vel
1901 2883 2085 2937 fortasse

361 2952 581 3007 praefecti,
611 2957 659 2995 ut
678 2956 810 3007 putat
829 2953 1014 3005 Dressel‚
1046 2955 1119 3009 qui
1146 2954 1256 2996 nihil
1287 2954 1422 2996 deesse
1444 2956 1546 3008 post
1575 2968 1616 3008 p.
1650 2952 1836 2994 litteram
1866 2950 2085 3007 adfirmat)

363 3024 391 3062 t.
423 3024 480 3063 12
520 3021 679 3076 (fistula
711 3022 942 3076 plumbea).
1002 3023 1187 3065 Diversa
1225 3024 1358 3078 iqitur
1395 3025 1444 3064 ut
1480 3021 1646 3064 videtur
1673 3021 1845 3063 Licinia
1883 3019 2087 3063 Cornelia

364 3088 422 3130 M.
444 3088 473 3132 f.
496 3088 676 3131 Volusia
696 3091 929 3147 Torquata,
966 3092 1013 3135 L.
1036 3091 1188 3133 Volusi
1211 3106 1308 3146 cos„
1342 3091 1519 3145 auguris
1543 3093 1570 3134 t.
1591 3088 1842 3144 sepulcralis
1868 3087 1937 3131 VI
1946 3089 2087 3131 31726

364 3176 419 3191 =
447 3156 561 3199 Bull.
595 3158 690 3199 inst.
726 3158 841 3200 arch.
878 3161 989 3201 1885
1019 3174 1068 3213 p.
1101 3162 1159 3202 25
1199 3159 1392 3215 (alterius
1430 3159 1563 3213 iyitur
1598 3158 1648 3201 L.
1691 3157 1853 3200 Volusii
1890 3154 2083 3205 consulis,

366 3226 551 3277 auyuris,
583 3225 685 3267 haec
704 3240 823 3276 uoeor,
857 3228 910 3280 cf.
931 3228 1053 3280 infra
1076 3242 1117 3269 n.
1140 3231 1242 3279 666,·
1270 3228 1357 3269 nisi
1386 3241 1431 3269 eo
1463 3227 1739 3281 confuyimus,
1769 3228 1819 3267 ut
1836 3227 2083 3273 statuamus,

365 3293 410 3333 in
440 3295 467 3333 t.
490 3293 717 3346 sepulcrali
738 3293 974 3337 Corneliam
1005 3296 1195 3338 omnibus
1223 3296 1465 3338 nominibus
1495 3294 1754 3349 appellatam
1775 3293 1925 3336 Marci
1948 3290 2085 3346 filiam

367 3360 462 3410 dici,
493 3360 651 3403 scilicet
672 3362 924 3416 adoptivam,
958 3363 1217 3418 adoptatam,
1247 3368 1295 3407 ut
1305 3367 1436 3419 putat
1457 3363 1684 3408 Stevenson
1713 3362 1815 3405 bull.
1836 3361 1863 3404 l.
1885 3375 1919 3406 c.
1941 3374 1990 3415 p.
2011 3362 2082 3411 27,
