2242 3672
151 245 406 283 SVLPICIVS
1013 243 1098 285 283
1715 250 1968 288 SVLPICIVS

233 378 354 429 Arv„
386 377 474 420 Dio
505 380 570 429 63,
602 380 668 429 18,
709 379 783 432 qui
811 382 1042 433 praetcrea
1071 380 1243 434 Pythici
1271 394 1496 435 coynomen
1525 381 1566 423 ei
1594 381 1756 433 tribuit,
1795 385 1903 425 certe
1934 383 1974 425 ci

234 450 273 489 et
291 447 383 502 filio
406 447 495 489 eius
516 447 720 489 obiectum
738 460 824 490 esse
838 451 1006 499 narrat,
1026 449 1137 502 quod
1152 448 1324 504 Pythici
1341 449 1439 492 inde
1461 463 1488 491 a
1508 450 1745 493 maioribus
1766 451 1975 506 appellati

230 529 316 558 non
346 515 546 558 desierint
575 515 656 558 hac
685 515 970 570 appellatione
999 518 1065 559 uti
1073 531 1086 568 ,·
1117 521 1156 559 et
1182 521 1387 560 memorat
1407 517 1579 573 Pythici
1599 532 1822 574 coynomen
1843 523 1971 562 etiam

231 583 522 638 Quintilianus
560 585 658 628 inst.
690 589 728 636 1,
760 588 798 635 6,
828 587 905 636 31;
948 585 1185 629 Mommsen
1229 590 1368 629 tamen
1407 587 1495 630 ind.
1528 587 1646 630 Plin.
1687 602 1774 631 non
1801 588 1974 644 Pythici

232 652 307 695 scd
344 653 486 696 Petici
524 667 749 707 coynomen
780 654 819 695 ei
852 654 985 708 fuisse
1019 656 1205 706 coniecit,
1239 657 1424 710 petitum
1453 656 1613 699 scilicet
1641 672 1669 699 a
1701 656 1744 700 Ο.
1778 657 1971 712 Sulpicio

232 721 378 765 Petico
409 721 614 764 dictatore
643 736 683 764 a.
713 725 794 764 396
823 725 863 765 et
891 723 1110 777 quinquies
1141 725 1319 767 consule.

316 790 464 833 Filius
489 794 604 845 puto
645 792 735 834 eius
773 792 848 846 qui
877 793 1113 846 praecedit.
1174 793 1337 836 Consul
1377 795 1473 837 suff.
1505 809 1653 837 mense
1683 795 1813 838 Mart.
1845 811 1882 838 a.
1915 797 1970 838 46

230 875 330 903 cum
368 860 428 902 M.
457 860 582 902 Iunio
625 859 773 903 Silano
807 860 975 903 V5050
1007 860 1306 914 (Camerinum
1344 866 1383 904 et
1415 863 1663 906 Nonianum
1699 867 1748 906 ut
1782 865 1972 907 consules

231 929 475 972 ordinarios
514 943 626 971 anno
661 932 715 972 35
754 933 940 972 recenset
976 930 1321 985 chronoyraphus
1359 933 1465 974 anni
1500 935 1604 983 354,
1638 947 1724 987 pro
1762 933 1891 976 Gallo
1932 937 1971 975 et

233 998 458 1048 Noniano,
497 997 659 1040 scilicet
689 996 733 1041 C.
766 997 902 1041 Cestio
934 1002 973 1041 et
1004 999 1070 1042 M.
1102 999 1303 1050 Servilio,
1341 1001 1480 1043 nescio
1511 1015 1591 1055 quo
1632 1003 1806 1057 errore).
1868 1003 1970 1044 Pro-

230 1067 378 1109 consul
417 1066 594 1109 Africae
625 1067 756 1120 (anno
786 1071 835 1110 ut
870 1068 1037 1110 videtur
1065 1068 1175 1119 56l7,
1218 1072 1326 1111 certe
1363 1083 1449 1111 non
1482 1073 1649 1124 postea,
1692 1085 1784 1113 cum
1814 1071 1911 1113 inde
1943 1086 1970 1113 a

227 1149 356 1179 mens.
386 1135 476 1179 Oct.
509 1150 548 1180 a.
580 1139 638 1179 57
666 1136 857 1190 adfuerit
885 1137 1051 1180 Romae
1079 1140 1191 1180 inter
1216 1138 1377 1191 fratres
1397 1138 1598 1189 Arvales)
1626 1140 1724 1182 Tac.
1748 1154 1787 1182 a.
1810 1143 1875 1191 13,
1896 1143 1969 1184 52.

229 1205 587 1262 Repetundarum
619 1205 722 1247 inde
753 1213 993 1260 accusatus,
1028 1213 1071 1248 et
1100 1206 1325 1249 absolutus
1346 1223 1460 1250 anno
1483 1209 1537 1251 58
1566 1209 1664 1251 Tac.
1688 1208 1715 1251 l.
1736 1223 1769 1251 c.
1816 1210 1970 1251 Frater

230 1274 418 1329 Arvalis,
449 1281 716 1316 memoratur
743 1275 788 1316 in
819 1275 927 1317 actis
957 1290 996 1317 a.
1029 1276 1098 1319 57.
1131 1277 1199 1319 58.
1231 1276 1298 1318 59.
1332 1277 1400 1320 60.
1433 1277 1510 1331 633
1549 1278 1756 1332 magister
1786 1277 1968 1320 fratrum

229 1343 458 1386 Arvalium
489 1359 526 1387 a.
559 1345 615 1387 60
646 1347 727 1386 act.
758 1344 863 1388 Arv.
916 1344 970 1389 A.
1002 1345 1056 1388 67
1088 1346 1323 1388 maiestatis
1362 1352 1409 1388 ut
1438 1346 1614 1389 videtur
1644 1363 1669 1389 a
1701 1347 1759 1389 M.
1791 1347 1968 1404 Aquilio

231 1412 399 1468 Regulo
429 1419 657 1455 accusatus
689 1428 777 1455 una
807 1428 906 1455 cum
936 1413 1049 1468 filio,
1094 1430 1181 1457 una
1211 1429 1306 1456 cum
1338 1414 1420 1457 hoc
1450 1416 1579 1470 periit
1603 1415 1692 1458 Dio
1722 1419 1788 1466 63,
1819 1419 1884 1460 17.
1917 1419 1971 1458 18

228 1483 283 1537 cf.
306 1481 425 1524 Plin.
444 1496 507 1536 ep.
524 1485 563 1532 1,
579 1483 619 1532 5,
638 1484 678 1524 3.
711 1480 966 1524 Camerinos
988 1481 1155 1524 nobiles
1175 1489 1387 1525 memorat
1407 1482 1599 1525 Iuvenal.
1623 1486 1661 1534 7,
1684 1487 1738 1526 90
1759 1484 1813 1537 cf.
1835 1486 1876 1535 8,
1898 1487 1968 1535 38,

228 1551 278 1594 de
307 1550 388 1594 hac
415 1553 536 1605 yente
557 1553 667 1605 puto
698 1551 902 1605 coyitans.

144 1620 229 1664 714
258 1619 508 1677 Sulp[ic]ius
541 1619 687 1663 Canus
719 1619 916 1676 (Sulpius
949 1619 1095 1663 Canus
1126 1620 1346 1676 traditur),
1387 1621 1500 1663 inter
1530 1621 1648 1663 viros
1679 1620 1844 1663 nobiles
1876 1623 1968 1663 sine

227 1704 385 1734 causae
417 1688 606 1731 dictione
636 1689 801 1731 occisos
831 1704 858 1731 a
889 1688 1098 1745 Septimio
1132 1688 1294 1732 Severo
1324 1690 1396 1732 vit.
1426 1689 1519 1733 Sev.
1546 1692 1612 1740 13,
1647 1693 1684 1732 7.

142 1759 225 1803 715
257 1759 350 1803 Ser.
393 1757 650 1815 Sulp(icius)
690 1756 980 1810 Claudianus,
1023 1757 1217 1814 Apollini
1257 1773 1430 1801 sacrum
1466 1757 1570 1801 fecit
1611 1758 1679 1801 VI
1701 1762 1769 1802 30.
1827 1759 1968 1803 Plane

225 1829 444 1878 incertum,
475 1841 576 1870 num
605 1826 727 1870 homo
756 1826 926 1871 nobilis.

143 1897 226 1941 716
259 1896 478 1954 Sulpicius
505 1895 806 1951 Cornelianus,
839 1897 909 1938 vir
938 1895 1180 1939 litterarum
1213 1896 1445 1950 studiosus,
1479 1897 1712 1939 Frontonis
1743 1896 1967 1939 familiaris

227 1983 253 2010 a
291 1967 512 2010 Frontone
550 1966 700 2008 amicis
740 1965 1070 2008 commendatur
1103 1965 1270 2008 Fronto
1300 1965 1358 2008 ad
1388 1980 1470 2008 am.
1501 1970 1539 2017 1,
1568 1969 1607 2009 1.
1639 1970 1671 2009 2
1694 1981 1741 2020 p.
1764 1969 1858 2008 173.
1891 1969 1968 2008 174

230 2036 393 2080 Naber.
452 2034 711 2092 Propediem
753 2049 927 2077 causam
969 2034 1158 2091 aliquam
1201 2034 1396 2077 dicturus
1438 2041 1530 2077 erat
1571 2035 1629 2077 ad
1659 2050 1741 2079 am.
1774 2038 1811 2086 1,
1841 2039 1880 2077 1.
1914 2059 1965 2064 —

227 2104 435 2148 Fortasse
471 2103 540 2146 hic
582 2105 647 2157 (ut
685 2104 863 2146 coniecit
903 2103 1077 2155 Maius,
1121 2104 1173 2157 cf.
1206 2103 1496 2146 Friedldndcr
1525 2103 1701 2158 Sitteny.
1724 2104 1758 2146 I
1762 2105 1778 2128 ‘⁵
1798 2118 1847 2158 p.
1868 2104 1968 2157 189)

229 2172 528 2226 Cornelianus,
561 2172 616 2215 ab
641 2171 836 2229 epistulis
859 2173 1039 2216 Graecis
1060 2172 1371 2227 Augustorum,
1406 2174 1474 2215 cui
1498 2172 1775 2229 Phrynichus
1797 2173 1966 2228 ἐκλογὴν

229 2243 417 2300 ῥημάτων
448 2244 512 2285 καὶ
543 2243 749 2298 ὀνομάτων
776 2239 953 2285 Ἀττικῶν
985 2241 1207 2284 dedicavit
1228 2241 1503 2297 Phrynichus
1525 2256 1572 2296 p.
1590 2245 1628 2283 1.
1650 2244 1751 2285 225.
1773 2244 1867 2283 379.
1888 2243 1969 2283 418

228 2312 290 2355 ed.
322 2311 489 2355 Lobech
520 2310 594 2364 (cf.
623 2323 759 2365 supra
787 2310 864 2353 sub
897 2309 1162 2362 Corneliano,
1202 2309 1239 2354 G
1260 2312 1402 2365 1053).

143 2381 226 2425 717
258 2385 513 2423 SVLPICIVS
565 2380 784 2422 GRA'SSVS
846 2379 1078 2436 proconsul
1127 2379 1259 2422 Asiae
1317 2380 1483 2422 occisus
1533 2395 1560 2422 a
1610 2378 1844 2423 Commodo
1895 2379 1966 2422 vit.

230 2449 388 2494 Comm.
421 2452 459 2500 7,
493 2451 531 2491 7.

144 2520 227 2563 718
259 2518 478 2575 Sulpicius
499 2516 674 2572 Flavus,
703 2515 950 2571 Claudium,
984 2518 1060 2573 qui
1091 2523 1241 2574 postea
1271 2518 1514 2575 imperavit,
1548 2517 1869 2579 adulescentem
1897 2517 1968 2559 ad-

228 2588 341 2631 iuvit
371 2588 415 2629 in
446 2586 628 2629 historia
659 2585 888 2628 scribenda
917 2584 1031 2629 Suet.
1060 2585 1217 2629 Claud.
1250 2600 1283 2631 c.
1313 2590 1380 2629 41.
1435 2586 1502 2641 Cf.
1534 2600 1668 2642 supra
1694 2601 1736 2629 n.
1761 2590 1852 2630 705.

145 2657 227 2701 719
260 2655 479 2713 Sulpicius
509 2654 680 2710 Florus,
713 2669 736 2697 e
763 2655 1029 2698 Britannicis
1060 2655 1325 2710 cohortibus,
1354 2671 1380 2698 a
1401 2655 1544 2700 Galba
1571 2657 1748 2698 civitate
1769 2655 1966 2709 donatus,

226 2742 265 2770 a.
291 2725 346 2769 69
377 2726 499 2768 iussu
529 2724 716 2767 Othonis
745 2724 948 2767 Pisonem
978 2724 1259 2767 Licinianum
1287 2724 1524 2767 trucidavit
1560 2725 1658 2770 Tac.
1690 2725 1729 2767 h.
1757 2728 1795 2775 1,
1825 2727 1890 2767 43.

145 2795 227 2839 720
258 2803 299 2838 c,
331 2800 585 2837 vaPmIvs
615 2800 783 2836 GALBA
824 2793 892 2848 (C.
925 2793 1069 2837 Galba
1106 2794 1272 2837 videtur
1311 2795 1580 2838 scribendum
1611 2809 1680 2849 ap.
1713 2793 1855 2846 Plan,
1895 2794 1971 2836 ubo·

230 2864 280 2909 C.
312 2864 462 2919 Calba,
496 2863 712 2908 Caecilius
744 2863 898 2919 Galba,
932 2863 980 2907 C.
1015 2863 1191 2907 Caelius
1219 2864 1365 2908 Galba
1405 2865 1618 2916 traditur;
1650 2866 1880 2918 practerea
1920 2862 1969 2904 dc

228 2933 509 2989 praenomine
532 2932 646 2975 ¹inde
688 2935 853 2975 constat
890 2932 1002 2987 quod
1038 2932 1156 2988 fillius
1196 2933 1307 2984 eius,
1341 2933 1434 2976 Ser.
1466 2933 1682 2988 Sulpicius
1710 2931 1856 2974 Galba
1887 2944 1967 2973 cos.

231 3017 270 3047 a.
296 3005 385 3053 749,
417 3002 464 3044 in
488 3002 616 3056 fastis
636 3002 861 3044 Imcerinis
884 3001 1041 3044 dicitur
1067 3001 1115 3044 C.
1144 3001 1187 3056 f.,
1218 3003 1271 3056 cf.
1304 3003 1425 3056 infra
1453 3016 1494 3045 n.
1518 3005 1630 3052 722;
1661 3000 1802 3043 Galba
1832 2999 1968 3049 Oros„

231 3071 390 3129 Γάλβας
428 3071 664 3118 Σουλπίκιος
700 3070 850 3125 Plut.),
894 3084 1109 3127 pronepos
1154 3070 1247 3120 Ser.
1290 3070 1458 3114 Galbae
1499 3070 1692 3123 oratoris,
1736 3083 1843 3110 avus
1875 3067 1967 3110 Ser.

231 3139 399 3184 Galbae
429 3140 714 3196 imperatoris,
747 3145 954 3196 praetura
985 3138 1161 3180 functus
1182 3138 1295 3181 Suet.
1327 3138 1456 3181 Galb.
1477 3141 1515 3182 3.
1564 3137 1715 3179 Edidit
1745 3136 1967 3178 historiam

235 3207 531 3265 ‘multiplicem
552 3223 633 3250 nec
653 3208 934 3250 incuriosam‘
955 3208 1012 3250 ib.
1055 3207 1121 3249 Ea
1147 3207 1306 3250 citatur
1327 3222 1353 3248 a
1373 3208 1486 3249 Iuba
1517 3221 1585 3261 ap.
1609 3205 1725 3247 Plut.
1747 3204 1871 3248 Rom.
1892 3207 1945 3245 17
1957 3216 1970 3254 ,·

234 3276 354 3320 Oros.
375 3279 415 3327 5,
436 3280 507 3328 23,
529 3280 568 3328 6,
598 3282 865 3320 memoratur
894 3282 943 3318 ut
969 3275 1146 3317 videtur
1178 3275 1296 3318 Plin.
1318 3276 1358 3318 h.
1379 3290 1420 3317 n.
1443 3279 1481 3325 1,
1502 3278 1567 3316 36.
1625 3273 1694 3327 Cf.
1719 3273 1845 3315 Peter
1870 3272 1966 3316 hist.

231 3344 356 3387 Rom.
386 3345 541 3401 fraym.
564 3360 612 3400 p.
632 3348 731 3389 237.
