2242 3672
295 269 546 307 VALERIVS
1156 256 1240 299 358
1850 261 2105 301 VALERISV

298 402 347 444 61
383 407 436 444 Μ.
467 403 715 441 VALERlvs
745 401 1028 437 HOMVLLVS.
1081 392 1154 436 Sic
1183 395 1265 435 act.
1289 391 1408 442 Arv„
1442 393 1543 434 item
1561 392 1610 434 X
1626 395 1758 444 3863;
1787 393 1988 437 Valerius
2017 394 2106 437 Ho-

379 468 535 511 mullus
556 467 627 507 υἱέ.
654 464 802 506 Marci
820 468 858 513 6,
879 466 917 513 9,
941 460 1141 504 Omullus
1161 462 1233 503 vit.
1256 460 1361 504 Ant.
1382 460 1458 502 Pa·
1476 465 1540 511 11,
1563 463 1592 502 8
1613 462 1755 514 (tertio
1777 461 1866 505 loeo
1884 463 1932 505 in
1951 463 2108 518 optimo

383 536 520 578 codiee
548 536 754 575 mutatum
784 531 830 573 in
850 529 1095 584 Omullius)‚
1128 528 1360 571 Homulius
1381 529 1452 573 va.
1479 528 1604 571 Alex.
1626 531 1690 580 65,
1711 532 1750 574 5.
1802 530 1859 572 In
1887 530 2108 574 consulatu

383 604 441 646 M,
459 601 658 645 Valerius
680 598 893 641 Homulus
914 597 1040 640 XIV
1051 600 1149 648 250,
1165 598 1413 652 pleramque
1435 596 1665 639 Homullus
1688 598 1816 651 (quod
1834 599 1880 641 in
1899 599 2109 653 fastorum

383 670 596 713 latereulis
605 668 821 723 plerisque
843 670 1098 720 corruptam,
1118 666 1355 708 Humillius
1375 666 1421 708 in
1441 666 1570 720 fastis
1584 666 1760 721 Hydat„
1783 667 1830 710 in
1845 667 1946 710 aliis
1961 667 2109 719 aliter;

384 739 431 781 O.
463 736 657 781 Omollus
686 736 902 778 Verianus
932 735 1069 788 falsas
1109 734 1256 777 titulus
1296 734 1364 777 VI
1385 733 1528 777 1960*
1557 754 1614 769 =
1651 734 1779 778 Orell.
1810 737 1947 792 4443).
2002 735 2110 791 (Via,-

379 807 458 860 ΜΟ,
485 805 557 848 sed
575 806 757 859 fortasse
769 807 899 858 pater
919 804 1009 845 eins
1035 802 1268 845 Homullus
1289 802 1513 845 familiaris
1535 803 1712 845 Traiani
1732 804 1804 848 vit.
1825 803 1950 847 Alea.
1970 806 2036 854 65,
2051 802 2108 858 5.)

467 873 629 916 Consul
660 873 750 914 ord.
783 887 821 914 a.
854 872 935 914 152
967 887 1066 914 cum
1093 871 1165 915 M’.
1197 871 1341 914 Acilio
1373 871 1610 916 Glabrione
1645 872 1753 925 fasti
1791 873 1897 927 (cos.
1928 874 1957 916 t.
1985 871 2110 914 Omm-

381 956 525 996 panns
553 942 601 984 X
626 944 758 989 3863,-
786 941 857 982 vz‘x
885 940 997 982 alias
1026 939 1328 994 siqnifieatar).
1378 940 1535 982 Frater
1559 939 1748 995 Arvalis,
1777 945 2040 982 memoratur
2065 940 2110 982 in

383 1011 489 1052 actis
518 1026 556 1052 a.
581 1011 660 1051 145
692 1009 804 1064 Eph.
837 1024 914 1063 eps
930 1012 958 1050 8
979 1024 1024 1063 p.
1045 1011 1136 1052 322
1163 1023 1199 1052 v.
1221 1012 1297 1059 22,
1330 1014 1373 1050 et
1401 1024 1439 1051 a.
1465 1010 1545 1051 155
1579 1008 1647 1051 VI
1659 1011 1788 1059 2086,
1811 1012 1849 1054 7.
1894 1008 2109 1051 Patronus

381 1078 572 1120 coloniae
604 1078 780 1134 Capuae
801 1078 849 1120 X
865 1081 989 1122 3863.
1019 1103 1070 1106 -
1102 1078 1205 1119 Ioca
1233 1078 1324 1120 eius
1355 1078 1569 1134 patienter
1600 1077 1699 1120 tulit
1728 1077 1974 1120 Antoninus
2004 1077 2110 1119 Pius

379 1149 451 1189 vit.
483 1147 561 1188 Pa·
589 1150 652 1201 11,
684 1150 723 1190 8.
786 1146 1052 1189 Antoninum
1093 1147 1220 1188 Pium
1259 1146 1306 1188 in
1346 1146 1406 1190 M.
1437 1145 1662 1188 Aurelium
1692 1146 1855 1189 frustra
1882 1146 2112 1203 temptavit

381 1217 560 1258 incitare
589 1216 661 1259 vit.
696 1216 846 1257 Marci
873 1219 910 1270 6,
943 1219 982 1257 9.

297 1294 352 1334 62
382 1298 434 1335 M.
466 1296 716 1331 VALERIVS
748 1295 927 1331 ITALVS
958 1289 1127 1344 legatus
1150 1289 1263 1345 Aug.
1287 1289 1506 1343 (Galatiae
1532 1295 1581 1332 ut
1600 1289 1814 1345 videtur):
1846 1303 1989 1331 comes
2018 1288 2111 1331 eius

383 1359 584 1415 Ancyrae
614 1358 807 1415 sepultus
839 1361 866 1400 t.
898 1357 1157 1412 Ancyranus
1186 1359 1275 1401 III
1295 1362 1392 1402 253.

297 1459 354 1464 —
386 1434 445 1477 M.
476 1433 678 1475 Valerius
709 1432 905 1475 Iulianus
936 1432 1137 1489 Agrippa
1165 1447 1201 1475 v.
1234 1433 1294 1476 M.
1326 1432 1528 1475 Valerius
1559 1431 1786 1474 Rullianus
1816 1430 2026 1489 Agrippa.

298 1509 354 1550 63
384 1514 435 1551 M.
477 1513 728 1549 VALERIVS
768 1513 1007 1549 IVNIANVS
1053 1507 1188 1549 frater
1232 1506 1430 1561 Arvalis,
1476 1514 1739 1550 memoratur
1784 1508 1829 1548 in
1870 1506 2122 1563 fragmento

382 1582 577 1618 actorum
608 1575 724 1631 quod
754 1575 928 1617 videtur
956 1576 1172 1631 pertinere
1203 1576 1258 1618 ad
1284 1575 1443 1638 ‘ultima
1473 1582 1669 1632 tempora
1698 1576 1877 1618 Traiani
1906 1574 2018 1630 Ffflh.
2047 1589 2111 1629 ep.

381 1647 410 1687 8
429 1659 478 1698 p.
499 1647 595 1695 330,
628 1647 682 1686 13
712 1658 805 1686 eam
835 1644 1109 1687 adnotatione
1139 1644 1233 1698 (nbi
1261 1648 1377 1687 extat
1408 1678 1559 1688 ......
1579 1660 1629 1686 us
1660 1645 1913 1699 Iunianus),
1954 1641 2114 1686 deinde

384 1728 421 1754 a.
445 1713 525 1755 119
558 1713 625 1756 VI
645 1716 773 1767 2079,
806 1714 1096 1769 promagister
1125 1728 1162 1758 a.
1188 1714 1269 1756 122
1300 1713 1369 1756 VI
1389 1716 1517 1757 2081.

301 1793 356 1834 64
386 1799 438 1834 Μ.
470 1799 720 1834 VALERIVS
752 1799 992 1834 IVNIANVS
1024 1792 1170 1847 (plene
1201 1793 1246 1835 in
1277 1793 1383 1836 actis
1417 1808 1456 1835 a.
1486 1795 1578 1836 145.
1610 1795 1715 1844 155,·
1747 1792 1794 1834 in
1823 1792 1931 1835 actis
1960 1794 2114 1835 cetero-'-

384 1875 478 1902 rum
501 1875 706 1902 annornm
727 1861 905 1903 duorum
925 1875 1189 1915 praenomen
1211 1861 1350 1916 deest).
1396 1861 1603 1904 Fortasse
1626 1861 1744 1916 filius
1772 1861 1862 1903 eins
1891 1860 1965 1915 qui
1984 1873 2114 1915 prae-

386 1929 516 1981 cedit,·
556 1930 728 1972 eundem
768 1943 853 1972 esse
891 1931 963 1972 vix
1003 1930 1118 1973 credi
1148 1933 1302 1984 potest.
1362 1931 1517 1972 Frater
1546 1928 1742 1984 Arvalis,
1778 1934 2043 1971 memoratur
2067 1928 2114 1971 in

386 1998 493 2038 actis
525 2013 561 2041 a.
588 1999 667 2040 145
688 1998 804 2052 Eph.
828 2013 889 2052 ep.
913 2000 941 2039 8
962 2013 1010 2052 10.
1030 2001 1118 2041 332
1146 2013 1182 2041 v.
1204 2002 1278 2051 29,
1307 2014 1347 2041 a.
1371 1999 1453 2041 155
1484 1998 1553 2041 VI
1574 2001 1703 2048 2086,
1736 2013 1775 2039 a.
1806 1998 1890 2042 inc.
1922 1996 2005 2040 sub
2034 1997 2114 2040 Pio

391 2066 594 2116 V12087,
628 2066 814 2122 denique
842 2082 954 2109 anno
987 2068 1151 2109 incerto
1183 2068 1296 2109 inter
1323 2068 1404 2110 169
1425 2073 1469 2109 et
1492 2067 1573 2109 176
1593 2066 1706 2120 Eph.
1728 2080 1790 2121 ep.
1811 2068 1840 2108 8
1859 2080 1908 2120 p.
1928 2067 2022 2116 336,
2044 2067 2111 2108 17.

300 2146 353 2187 65
385 2152 425 2188 Ρ.
457 2153 707 2189 VALERIVS
747 2153 1002 2189 LAEVINVS
1044 2147 1307 2202 (Laevinus,
1348 2147 1497 2190 Valeri
1537 2160 1674 2201 genus
1707 2145 1885 2200 Horatst,
1931 2143 2114 2188 Publius

384 2213 585 2256 Valerius
614 2215 806 2270 Porph.),
845 2215 972 2257 homo
1010 2215 1323 2270 nobilissimus,
1363 2215 1439 2257 sed
1479 2214 1641 2258 nullius
1682 2215 1809 2271 pretii
1849 2214 2005 2257 Horat.
2033 2215 2115 2256 sat.

386 2285 422 2332 1,
455 2286 492 2332 6,
525 2286 583 2326 12
594 2297 607 2334 ,·
640 2283 763 2326 ‘adeo
795 2283 931 2325 foedis
973 2290 1016 2326 et
1050 2285 1253 2340 proiectis
1292 2285 1335 2325 in
1378 2298 1545 2325 omnem
1578 2282 1893 2340 turpitudinem
1922 2280 2116 2325 moribus

385 2351 509 2404 vixit,
543 2358 590 2393 ut
619 2351 800 2407 provehi
832 2367 917 2393 non
947 2353 1139 2408 potuerit
1159 2351 1274 2394 ultra
1297 2354 1588 2408 quaestoriam
1609 2352 1880 2406 dignitatem‘
1904 2349 2115 2405 Porphyr,

387 2419 444 2460 ad
473 2419 580 2461 Hor.
614 2420 640 2461 l.
673 2434 705 2462 e.
766 2420 909 2462 Huius
940 2424 1049 2474 pato
1079 2421 1333 2475 indiynitate
1364 2424 1521 2471 motas,
1559 2420 1623 2462 vel
1662 2423 1812 2462 contra
1849 2418 1960 2461 hanc
1987 2417 2117 2460 verba

386 2488 549 2540 faciens
588 2488 790 2529 Messalla
828 2488 1083 2542 (Corvinus)
1115 2495 1260 2531 orator
1291 2488 1460 2542 (consul
1500 2504 1538 2533 a.
1572 2489 1686 2543 723),
1720 2486 1960 2544 ‘prohibuit
1985 2485 2117 2528 inseri
2174 2511 2176 2513 f
2204 2480 2238 2532 Ϊρῒῗ

387 2556 505 2608 genti
540 2571 642 2597 suae
672 2557 966 2599 Laevinorum
996 2556 1182 2599 alienam
1213 2558 1459 2612 imaginem³
1494 2557 1611 2601 Ptin.
1642 2557 1682 2602 h.
1713 2571 1754 2599 n.
1783 2558 1849 2606 35,
1881 2558 1921 2599 8.

305 2634 359 2675 66
389 2634 591 2676 Valerius
626 2636 794 2689 Largus
812 2671 822 2688 ,
865 2637 1026 2678 amicus
1067 2642 1110 2678 et
1149 2636 1470 2680 contubernalis
1508 2636 1700 2680 Cornelii
1730 2634 1870 2686 Galli,
1909 2633 2118 2692 praefecti

389 2700 600 2758 Aegypti,
648 2711 882 2767 accusator,
919 2706 1010 2746 eius
1050 2706 1197 2747 extitit
1238 2705 1294 2758 (a.
1328 2706 1428 2759 728)
1468 2705 1556 2748 Dio
1595 2708 1659 2760 53,
1689 2707 1760 2749 ,23.
1791 2707 1862 2748 24.
1930 2702 2012 2746 Vix
2048 2701 2118 2746 Mc

391 2770 559 2824 Laryus
582 2775 713 2825 poeta
742 2773 896 2826 epieas,
929 2774 983 2826 ef.
1016 2787 1149 2827 snpra
1174 2774 1251 2815 sab
1282 2774 1427 2828 Laryo
1462 2774 1518 2828 (L
1548 2776 1630 2829 66).

307 2848 360 2890 67
392 2856 642 2892 VALERIVS
683 2858 973 2894 LICINIANVS
1015 2854 1280 2909 praetorius,
1327 2854 1440 2895 inter
1481 2852 1852 2909 eloquentissimos
1891 2863 2121 2893 causarum

391 2924 557 2959 actores
598 2919 858 2975 habebatur,
899 2937 925 2963 a
956 2922 1204 2964 Domitiano
1246 2921 1424 2964 adactus
1456 2928 1504 2964 ut
1544 2922 1756 2963 incestum
1787 2934 1886 2963 cum
1915 2917 2119 2962 Cornelia

392 2986 562 3039 virgine
582 2987 748 3030 Vestali
769 2991 959 3031 maxima
979 2990 1200 3044 fateretur,
1233 2989 1359 3032 bonis
1389 2989 1619 3046 publicatis
1644 2990 1688 3031 in
1709 2988 1890 3031 exilium
1920 2986 2117 3044 pellitur3

395 3054 494 3095 inde
519 3054 746 3099 clementia
765 3057 939 3099 Nervae
961 3059 1004 3099 in
1027 3057 1218 3100 Siciliam
1250 3058 1496 3114 translatus,
1526 3058 1770 3100 rhetoricen
1799 3056 1859 3099 ibi
1890 3055 2118 3112 profitetur

393 3120 510 3163 Plin.
542 3137 604 3176 ep.
629 3127 667 3174 4,
698 3128 763 3169 11.

310 3193 364 3235 68
394 3194 594 3237 Valerius
616 3198 764 3252 Ligur,
796 3200 866 3240 vir
893 3201 1103 3255 equestris
1126 3199 1300 3254 ordinis,
1333 3201 1403 3242 cui
1429 3202 1701 3256 permissum,
1730 3206 1778 3242 ut
1797 3213 1896 3241 cum
1915 3197 2116 3252 Augusto
2154 3203 2156 3205 ’

396 3270 587 3305 senatum
629 3266 929 3319 ingrederetur
970 3268 1116 3323 ibique
1156 3268 1326 3310 sederet
1364 3268 1453 3311 Dio
1483 3272 1550 3324 60,
1582 3272 1652 3313 23.
1710 3268 1915 3311 Fortasse
1951 3278 2061 3309 mus
2094 3279 2116 3308 e
2198 3276 2241 3326 J

394 3332 627 3383 praefectis
648 3335 865 3387 praetorii
883 3335 1080 3389 Auyustoss.
1138 3335 1206 3389 Cf.
1227 3339 1456 3390 praeterea
1484 3337 1607 3392 infra
1635 3337 1711 3380 sab
1739 3336 1867 3379 Vario
1887 3334 2059 3394 Isiym‘e.
