2242 3672
300 248 592 290 VOLOGASES
1156 243 1240 285 476
1806 245 2104 284 VOLOGASES

353 380 359 383 ’
386 384 647 439 Lonyperier
677 382 703 424 l.
735 395 768 424 6.
792 395 839 435 p.
863 384 947 424 112
965 393 1046 434 seq.
1077 379 1152 422 hos
1173 381 1353 434 propter
1393 376 1680 430 differentiam
1716 377 1932 432 quandam
1969 377 2106 421 vultus

388 453 445 495 ad
473 453 604 495 alium
632 463 769 504 recem
797 448 962 491 rettulit
995 448 1099 503 (huc
1125 447 1305 490 inclinat
1336 447 1464 489 etiam
1500 445 1702 489 Gardner
1722 461 1770 501 p.
1791 446 1887 501 52),
1917 449 2106 489 statuens

387 521 490 563 duos
535 519 713 562 eiusdem
757 518 941 560 nominis
987 530 1102 572 reyes
1154 517 1286 571 fuisse
1345 516 1601 571 temporibus
1651 515 1935 567 Neronianis,
1996 514 2108 570 quod

384 591 562 643 propter
589 587 802 630 silentium
827 586 1082 640 scriptorum
1108 585 1180 627 vix
1210 584 1326 627 credi·
1345 575 1498 639 potest.

470 656 708 698 Tiridatem
738 654 917 697 fratrem
946 667 1091 708 regem
1116 647 1349 696 Armeniae
1379 654 1601 696 constituit
1620 652 1787 708 Ioseph.
1807 653 1833 697 l.
1855 666 1903 703 6.,
1941 651 2040 696 Tac.
2064 665 2105 695 a.

386 728 456 775 12,
476 727 542 767 50.
588 722 798 766 Abscedit
818 722 1024 764 Armenia
1045 722 1251 778 quoniam
1274 728 1450 764 exortus
1482 722 1520 763 ei
1541 721 1736 764 aemulus
1754 721 1869 763 filius
1888 719 2107 764 Vardanis

393 793 490 835 Tac.
514 806 553 834 a.
577 794 642 842 13,
667 794 694 832 7
713 789 804 843 (sub
830 804 869 832 a.
890 789 974 844 54).
1021 789 1322 832 Nobilissimos
1343 805 1399 832 ex
1420 789 1585 833 familia
1605 790 1915 833 Arsacidarum
1935 787 2107 831 obsides

388 860 519 903 tradit
550 860 752 902 Romanis
782 859 839 901 ib.
871 872 902 900 6.
926 861 952 901 9
983 859 1037 912 cf.
1060 872 1093 900 6.
1115 861 1182 900 37.
1227 857 1337 900 Izati
1367 859 1460 913 regi
1481 857 1759 917 Adiabenum
1780 856 1941 900 bellum
1961 856 2104 909 infert,

386 944 490 972 mox
530 928 687 970 omittit
717 933 945 970 revocatus
977 927 1223 969 incursione
1253 926 1482 969 Daharum
1512 933 1556 969 et
1586 926 1796 970 Sacarum
1824 924 1992 981 Ioseph.
2020 928 2107 970 ant.

386 1001 456 1048 20,
479 1000 518 1048 4,
540 1000 572 1040 2
602 996 726 1051 (certe
757 998 856 1038 ante
886 1009 1044 1037 annwm
1072 998 1142 1046 62,
1174 1009 1252 1049 quo
1273 995 1388 1038 [zati
1416 996 1505 1037 iam
1534 997 1793 1038 successerat
1812 992 2107 1039 Monobazus).

386 1065 627 1117 Tiridatem
660 1065 705 1106 in
734 1063 1030 1120 recuperando
1053 1063 1285 1106 Armeniae
1315 1077 1448 1119 regno
1479 1063 1660 1106 adiuvat
1686 1063 1784 1106 Tac.
1807 1077 1845 1107 a.
1866 1066 1931 1114 13,
1952 1065 2020 1106 34.
2038 1065 2106 1113 37,

388 1134 628 1176 defectione
658 1140 802 1175 tamen
831 1133 1140 1189 Hyrcanorum
1171 1133 1383 1175 retinetur
1418 1133 1517 1175 Tac.
1551 1147 1590 1175 a.
1612 1135 1678 1184 13,
1700 1135 1767 1176 37.
1795 1135 1860 1183 14,
1882 1133 1950 1175 25.
1983 1132 2047 1182 15,
2068 1132 2107 1173 1.

387 1203 622 1246 Cunctator
660 1202 833 1256 ingenio
881 1201 978 1243 Tac.
1011 1215 1050 1244 a.
1082 1203 1150 1252 15,
1185 1205 1230 1252 1,·
1264 1207 1404 1244 ‘vetus
1436 1207 1478 1243 et
1513 1202 1684 1258 penitus
1715 1200 1912 1242 infixum'
1947 1199 1987 1242 ei
2017 1204 2110 1242 erat

385 1285 504 1313 arma
541 1270 735 1312 Romana
774 1270 913 1311 vitare
952 1269 1009 1312 ib.
1041 1283 1074 1312 c.
1104 1271 1144 1312 5.
1209 1269 1448 1312 Tiridatem
1488 1283 1633 1311 coram
1669 1267 1924 1326 proceribus
1963 1266 2108 1310 diade-

386 1346 500 1381 mate
521 1344 646 1381 ornat
671 1344 714 1380 et
743 1338 787 1379 in
809 1351 992 1392 regnum
1011 1336 1246 1380 Armeniae
1271 1338 1464 1380 immittit
1489 1337 1586 1382 Tae.
1611 1352 1638 1379 a
1657 1339 1723 1388 15,
1747 1340 1801 1388 2,·
1832 1337 1924 1393 ipse
1955 1334 2108 1392 Syriae

388 1407 618 1462 ingruebat
652 1407 750 1449 Tac.
785 1421 823 1450 a.
860 1409 923 1457 15,
953 1409 992 1457 3,
1034 1405 1122 1449 Dio
1153 1410 1219 1457 60,
1250 1410 1321 1450 20.
1382 1406 1574 1448 Monitus
1605 1421 1631 1448 a
1662 1404 1909 1449 Corbulone
1942 1403 2108 1459 legatos

386 1476 516 1517 mittit
554 1475 733 1517 Romam
781 1474 877 1516 Tac.
915 1489 954 1518 a.
991 1477 1067 1525 15,
1102 1477 1142 1517 5.
1179 1478 1217 1525 7,
1263 1473 1351 1517 Dio
1393 1478 1471 1526 62,
1506 1478 1578 1519 20.
1653 1473 1823 1527 Quibus
1862 1488 1910 1516 re
1949 1473 2110 1516 infecta

388 1544 593 1597 reversis,
635 1542 793 1600 bellum
835 1549 985 1585 contra
1023 1544 1239 1585 Romanos
1279 1542 1504 1599 propalam
1548 1543 1733 1599 sumpsit
1777 1542 1874 1585 Tae.
1917 1556 1957 1584 a.
1999 1555 2033 1584 c.
2060 1543 2111 1592 7;

388 1612 639 1655 Armeniam
678 1612 898 1665 ingressus
938 1611 1226 1654 Caesennium
1267 1613 1445 1654 Paetum
1497 1611 1721 1654 obsidione
1768 1611 1822 1653 ad
1844 1625 1848 1630 ’
1867 1611 2110 1668 pactionem

389 1682 549 1736 coegit,
592 1687 640 1722 ut
671 1681 851 1722 Romani
881 1679 1090 1722 Armenia
1121 1681 1290 1722 exirent
1323 1680 1421 1723 Τασζ
1450 1695 1490 1723 a.
1521 1683 1586 1731 15,
1618 1684 1672 1722 10
1690 1694 1787 1734 seq„
1819 1679 1908 1722 Dio
1938 1682 2007 1730 62,
2037 1681 2110 1722 21.

388 1750 577 1791 Domum
607 1763 811 1790 reversus¹
835 1763 929 1790 cum
964 1748 1212 1792 Corbulone
1243 1764 1319 1806 per
1350 1750 1522 1792 nuntios
1553 1755 1710 1791 tractat
1746 1749 1843 1796 Tac.
1876 1762 1916 1791 a.
1947 1749 2011 1799 15,
2042 1749 2109 1797 17,

389 1818 476 1860 Dio
506 1821 576 1868 62,
609 1820 683 1861 22.
754 1818 914 1859 Iterum
955 1817 1121 1872 legatos
1161 1819 1292 1860 mittit
1331 1818 1387 1861 ad
1428 1818 1644 1860 Neronem
1685 1818 1862 1859 ineunte
1902 1810 2027 1859 anno¹
2055 1816 2110 1858 63

392 1887 490 1930 Tac.
514 1900 553 1929 a.
575 1889 639 1936 15,
662 1890 731 1929 24.
754 1889 823 1936 25,
855 1886 944 1929 Dio
975 1890 1043 1938 62,
1076 1890 1152 1930 22.
1213 1886 1325 1930 Cum
1355 1886 1603 1930 Corbulone
1633 1886 1887 1929 Armeniam
1916 1887 2110 1941 ingresso

393 1962 558 2008 tractat,
587 1961 849 2011 pactumque
878 1961 926 1997 ut
946 1955 1162 1998 Tiridates
1185 1956 1355 2011 insigne
1380 1956 1547 2010 regium
1569 1955 1683 2012 apud
1705 1954 1892 2010 effigiem
1914 1953 2111 1997 Caesaris

391 2030 571 2080 poneret
609 2038 689 2065 nec
726 2024 809 2065 nisi
850 2038 982 2066 manu
1020 2024 1204 2067 Neronis
1245 2025 1457 2080 reciperet
1499 2024 1596 2066 Tac.
1629 2038 1669 2067 a.
1700 2025 1768 2074 15,
1798 2026 1868 2067 27.
1900 2025 1982 2074 28,
2022 2021 2112 2064 Dio

390 2095 458 2142 62,
480 2095 538 2135 23
568 2093 677 2148 (ipse
709 2107 807 2134 cum
830 2092 1076 2135 Corbulone
1109 2092 1387 2147 congreditur
1408 2092 1666 2148 obsidesque
1686 2092 1725 2133 ei
1748 2091 1867 2133 dedit
1885 2090 1974 2134 Dio
1995 2090 2022 2135 l.
2043 2104 2065 2133 c
2080 2089 2112 2144 ).

391 2160 606 2202 Tiridates
638 2175 734 2202 eum
766 2162 968 2203 convenit
988 2161 1224 2203 Ecbatanis
1252 2161 1350 2204 Tac.
1373 2175 1413 2203 α.
1434 2164 1500 2211 15,
1521 2164 1588 2203 31.
1635 2160 1687 2205 Α.
1710 2161 1764 2202 66
1789 2159 1950 2202 liberos
1981 2158 2113 2200 mittit

391 2229 570 2271 Romam
601 2245 687 2271 una
717 2244 815 2271 cum
846 2229 1042 2272 Tiridate
1067 2229 1155 2272 Dio
1185 2233 1249 2281 63,
1281 2234 1330 2282 1,·
1360 2230 1452 2286 ipse
1484 2236 1532 2271 ut
1561 2229 1742 2271 Romam
1772 2229 1953 2282 veniret,
1985 2241 2112 2283 saepe

394 2299 599 2339 invitatus
631 2313 656 2339 a
684 2298 856 2340 Nerone
887 2298 961 2340 sed
991 2299 1153 2341 frustra
1182 2299 1238 2341 ib.
1271 2312 1305 2341 c.
1339 2302 1375 2343 7.
1433 2299 1632 2340 Exeunte
1674 2313 1712 2340 a.
1743 2298 1798 2340 69
1829 2296 1899 2339 vel
1937 2297 2112 2338 ineunte

393 2381 429 2407 a.
455 2366 507 2407 70
528 2366 794 2422 Vespasiano
814 2367 1103 2422 quadraginta
1122 2366 1257 2408 millia
1289 2367 1608 2421 sagittariorum
1642 2366 1767 2407 offert
1789 2365 1904 2410 Suet.
1931 2363 2048 2420 Vesp.
2071 2367 2109 2415 6,

397 2434 493 2478 Tac.
517 2434 556 2476 h.
578 2438 615 2484 4,
637 2437 703 2476 51.
750 2435 919 2477 Monitu
940 2435 1197 2492 Vespasiani
1226 2437 1263 2478 T
1260 2450 1322 2480 ac,
1346 2436 1371 2478 l.
1394 2449 1442 2486 c.,
1474 2435 1637 2490 legatos
1671 2436 1803 2477 mittit
1830 2435 1886 2476 ad
1915 2441 2112 2476 senatum

393 2502 446 2544 de
477 2503 758 2544 instauranda
787 2504 1011 2558 societate,
1055 2505 1281 2560 oravitque
1322 2505 1451 2546 etiam
1481 2510 1530 2546 ut
1551 2505 1736 2546 Neronis
1766 2504 1974 2545 memoria
2003 2501 2111 2544 cole-

395 2577 513 2612 retur
544 2570 660 2613 Suet.
695 2571 797 2613 Ner.
831 2573 898 2614 57.
949 2572 1048 2613 Tito
1076 2580 1173 2628 post
1194 2573 1419 2614 victoriam
1450 2572 1673 2614 Iudaicam
1704 2586 1906 2613 coronam
1937 2584 2111 2613 auream

394 2639 527 2680 mittit
556 2639 719 2692 Ioseph.
751 2639 843 2681 bell.
876 2644 912 2690 7,
944 2644 982 2691 5,
1013 2645 1057 2684 2.
1107 2640 1162 2683 A.
1196 2641 1249 2683 72
1282 2640 1553 2697 Epiphanem
1584 2641 1698 2694 regis
1727 2639 1932 2682 Antiochi
1961 2638 2110 2692 filium,

395 2722 418 2748 e
458 2706 745 2761 Commagene
787 2707 957 2763 pulsum
997 2710 1112 2765 apud
1154 2724 1200 2751 se
1240 2711 1395 2765 recipit
1433 2709 1598 2763 Ioseph.
1635 2709 1727 2753 bell.
1761 2713 1796 2763 7,
1832 2712 1869 2758 7,
1899 2711 1942 2751 2.
1971 2710 2010 2751 3.
2070 2707 2112 2750 A

394 2776 598 2816 Romanis
639 2776 803 2818 auxilia
847 2777 1056 2819 adversus
1097 2777 1261 2820 Alanos
1301 2777 1508 2834 postulat,
1552 2777 1792 2833 ducemque
1831 2776 2014 2818 alterum
2058 2790 2113 2817 ex

397 2843 649 2899 Vespasiani
679 2844 838 2899 liberis,
871 2846 944 2887 sed
977 2861 1061 2887 non
1093 2847 1258 2888 obtinet
1280 2846 1393 2891 Suet.
1422 2845 1548 2888 Dom.
1579 2849 1610 2888 2
1640 2847 1694 2900 cf.
1726 2845 1814 2887 Dio
1845 2847 1909 2895 65,
1940 2847 1993 2887 15
2023 2844 2115 2899 (ubi

402 2910 639 2965 Voloyaesis
657 2926 806 2954 nomen
825 2927 910 2955 non
930 2914 1139 2968 ponitur).
1184 2915 1361 2956 Litteris
1383 2914 1437 2956 ad
1460 2914 1777 2970 Vespasianum
1797 2913 1921 2962 datis,
1947 2911 2114 2954 nullum

397 2979 432 3019 ei
474 2979 645 3021 honoris
685 2981 946 3023 vocabulum
988 2982 1107 3024 dedit
1136 2982 1224 3025 Dio
1250 2987 1324 3033 66,
1356 2986 1409 3025 11
1440 2979 1613 3037 (ΧίρῙΜ
1652 2995 1737 3024 exc.
1777 2981 1869 3025 Vat.
1899 2985 1926 3024 5
1945 2995 1994 3035 p.
2023 2983 2114 3024 202

397 3045 560 3100 Dind).
620 3048 740 3090 Bello
773 3049 875 3091 Vict.
906 3050 1039 3101 Caes„
1071 3059 1188 3093 metu
1219 3051 1308 3093 solo
1337 3052 1447 3106 epit„
1485 3052 1528 3092 in
1559 3065 1710 3107 pacem
1747 3056 1919 3092 coactus
1949 3064 1976 3090 a
2006 3049 2114 3091 Ves-

398 3116 573 3168 pasiano
606 3116 708 3160 Vict.
740 3117 858 3160 anS.
891 3122 929 3168 9,
961 3122 1026 3168 10,
1070 3120 1166 3173 epit.
1198 3123 1236 3174 9,
1268 3124 1338 3163 12.
1395 3113 1620 3176 ὈρΡίὼΠΠ
1657 3118 1850 3160 condidit
1879 3117 2114 3171 Vologeso-

399 3190 557 3224 certam
590 3185 633 3225 in
662 3186 804 3228 vicino
826 3186 1060 3242 Babylonis
1082 3187 1197 3230 Plin.
1220 3189 1258 3233 h.
1281 3203 1321 3230 n.
1345 3192 1382 3239 6,
1405 3192 1506 3238 122,
1529 3187 1820 3241 Vologesiada
1840 3185 1895 3228 ad
1915 3185 2112 3242 Euphra·

398 3257 483 3290 tem
513 3251 653 3306 Steph.
675 3253 779 3307 Byz.
811 3267 842 3297 8.
874 3269 910 3297 v.
947 3254 1199 3311 Βολογεσιάς.
1252 3257 1421 3298 Nomen
1452 3258 1544 3298 eius
1574 3258 1763 3312 positum
1790 3255 1886 3298 Tac.
1914 3254 1953 3298 h.
1976 3258 2014 3304 1,
2044 3257 2113 3296 40.

399 3317 636 3371 Defunctus
683 3322 737 3363 sit
785 3336 946 3365 neeesse
990 3327 1050 3365 est
1099 3328 1195 3366 ante
1241 3338 1368 3370 mens:
1404 3325 1502 3367 Iun.
1535 3339 1574 3368 α.
1608 3327 1673 3374 78,
1714 3324 1912 3377 quoniam
1952 3336 2002 3364 696
2038 3321 2115 3363 hoc

402 3388 581 3440 tempore
621 3388 808 3431 aliorum
841 3405 984 3445 reyum
1015 3391 1315 3434 Parthicorum
1344 3393 1483 3435 vultus
1510 3394 1556 3435 in
1584 3393 1765 3434 nummis
1795 3394 2014 3447 affarent.
