2242 3672
103 255 271 293 VIBIVS
762 283 766 287 -
974 252 1056 295 421
1757 257 1922 294 VIBIVS

193 394 321 431 eunte
341 403 454 431 anno
477 388 532 431 70
556 388 765 430 conviciis
785 387 999 431 laceratus
1020 390 1066 432 in
1087 396 1240 433 senatu
1266 389 1363 433 Tac.
1386 389 1426 432 h.
1447 392 1487 441 4,
1508 391 1662 433 41-43.
1707 388 1838 432 Anno
1869 389 1918 432 '71

193 457 322 500 desiit
360 471 454 500 esse
494 463 669 500 curator
703 472 916 513 aquarum
947 457 1147 502 Frontin.
1178 458 1205 501 l.
1237 472 1271 502 c.
1330 457 1569 502 Proconsul
1595 458 1772 501 Africae
1806 457 1925 501 Plin.

191 525 233 571 h.
263 540 305 569 n.
337 529 404 577 19,
425 529 454 568 4
483 524 704 581 (protinus
739 539 767 567 a
797 539 902 567 cura
933 540 1142 580 aquarum
1182 541 1276 570 eum
1303 526 1604 582 proconsulem
1634 527 1794 581 factum
1825 540 1924 577 esse,

189 593 488 649 proconsulem
525 594 660 649 iyitur
697 594 830 648 fuisse
871 608 910 636 a.
945 597 1068 645 71l2,
1112 596 1288 638 coniecit
1326 595 1588 650 Boryhesius
1619 610 1713 651 opp.
1743 598 1783 647 5,
1813 595 1926 651 434).

192 663 483 720 Praecipuum
521 662 666 706 locum
706 664 844 705 tenuit
875 663 919 705 in
950 663 1144 706 amicitia
1172 664 1431 721 Vespasiani
1468 665 1567 707 Tac.
1600 664 1703 708 dial.
1735 667 1783 716 8,
1823 665 1924 707 item

193 731 434 775 Domitiani
455 732 600 775 Iuven.
626 736 665 782 4,
686 734 744 774 81
763 745 847 786 seq.
894 731 1058 774 Consul
1088 733 1263 786 (iterum
1293 736 1352 788 et)
1384 734 1510 776 tertio
1543 733 1711 777 Statius
1741 733 1790 777 cle
1820 733 1926 777 bello

191 800 460 853 Germanico,
500 815 621 856 quem
662 800 797 844 locum
837 815 888 843 ecc
926 801 1097 843 scholiis
1126 802 1419 845 Iuvenalianis
1447 803 1707 858 desumptum
1745 802 1927 845 servavit

194 870 322 914 Valla
352 870 412 913 ad
434 871 528 915 Iuv.
549 874 588 921 4,
610 874 676 921 94,
709 884 759 913 ex
791 869 917 913 Valla
940 870 1126 924 protulit
1147 872 1317 925 primus
1339 871 1461 914 Jahn
1479 885 1585 915 mus.
1607 871 1744 914 Rhen.
1766 873 1804 922 9,
1827 873 1925 914 627.

195 939 372 983 Violetur
401 939 546 982 consul
580 940 732 981 iterum
772 942 812 981 et
852 939 1022 981 tertium
1061 940 1193 993 fuisse
1231 938 1433 992 suffectus
1466 941 1543 983 sub
1575 940 1834 995 Vespasiano
1863 939 1928 982 vel

192 1008 465 1059 Domitiano,
507 1012 606 1051 ante
643 1023 683 1051 a.
708 1011 785 1058 83,
816 1008 1023 1062 siquidem
1053 1022 1224 1051 carmen
1255 1009 1391 1052 Statii
1420 1009 1635 1064 pertinuit
1675 1009 1733 1051 acl
1773 1008 1925 1051 bellum

191 1076 495 1121 Germanicum
535 1078 641 1120 anni
679 1078 798 1128 8574,
850 1078 1034 1131 fortasse
1074 1077 1219 1119 consul
1256 1079 1426 1120 tertium
1465 1079 1557 1133 ipso
1598 1092 1710 1121 anno
1748 1081 1828 1129 83,
1871 1078 1926 1131 cf.

195 1147 434 1190 Mommsen
463 1146 930 1201 Korrespondencblatt
960 1146 1034 1188 cler
1065 1146 1219 1190 Westd.
1252 1146 1457 1189 Zeitschr.
1488 1151 1567 1198 12,
1610 1150 1720 1190 1893
1750 1162 1799 1202 p.
1830 1149 1925 1190 125.

193 1216 302 1259 Mite
322 1217 546 1272 ingenium
568 1216 674 1270 eius,
706 1229 849 1257 mores
870 1214 1046 1256 iucundi
1071 1214 1241 1257 Statius
1260 1215 1285 1259 l.
1309 1229 1359 1266 c.,
1389 1215 1535 1258 Iuven.
1555 1219 1594 1266 4,
1615 1218 1670 1258 81
1690 1216 1745 1270 cf.
1772 1215 1870 1258 Tac.
1887 1215 1925 1257 h.

193 1289 233 1337 4,
254 1288 310 1329 43
329 1285 426 1340 (sed
455 1299 598 1327 mores
630 1285 723 1327 eius
754 1283 1134 1341 reprehenduntur
1159 1284 1255 1326 Tac.
1283 1284 1386 1328 olial.
1407 1287 1460 1336 8,·
1482 1285 1611 1327 ‘inter
1631 1283 1770 1326 claros
1791 1284 1928 1338 magis

194 1369 326 1412 quam
367 1355 481 1397 inter
519 1353 671 1397 bonos'
714 1354 814 1397 Tac.
846 1353 887 1396 h.
918 1356 962 1403 2,
993 1354 1080 1407 10).
1149 1354 1294 1395 Etiam
1334 1354 1379 1395 in
1419 1353 1605 1395 dicendo
1649 1354 1927 1410 ‘compositus

195 1430 239 1466 et
273 1423 488 1466 iucundus
530 1429 573 1466 et
610 1422 885 1465 delectationi
926 1428 1069 1464 natus'
1110 1421 1287 1475 Quintil.
1316 1426 1385 1472 10,
1418 1426 1457 1473 1,
1487 1425 1569 1465 119
1609 1423 1664 1476 cf.
1693 1424 1732 1473 5,
1765 1425 1828 1472 13,
1859 1423 1927 1464 48.

194 1495 265 1544 12,
285 1496 354 1544 10,
372 1495 437 1535 11.
498 1492 657 1534 Facete
688 1491 806 1534 dicta
837 1492 928 1533 eius
957 1491 1101 1544 Quint.
1129 1493 1169 1542 5,
1202 1493 1269 1542 13,
1300 1493 1368 1533 48.
1398 1493 1438 1541 8,
1464 1493 1504 1542 5,
1527 1493 1593 1541 15,
1628 1490 1683 1533 de
1718 1490 1929 1532 conviviis

193 1560 360 1605 Vitellii
391 1560 480 1603 Dio
510 1563 575 1612 65,
597 1564 629 1604 2
659 1560 836 1615 (Xiph.;
875 1561 930 1614 cf.
964 1563 1195 1615 praeterea
1235 1573 1321 1602 exc.
1359 1559 1477 1611 Vat„
1521 1559 1611 1602 Dio
1643 1559 1705 1602 ed.
1736 1558 1936 1612 Dindorf

195 1629 301 1686 Vp.
330 1633 437 1682 199,·
474 1630 539 1672 Io.
579 1629 780 1672 Antioch.
816 1630 873 1683 fr.
905 1633 963 1672 97
1002 1628 1191 1680 Muller,·
1237 1628 1400 1672 Suidas
1439 1642 1473 1671 s.
1514 1642 1551 1671 v.
1591 1627 1829 1684 Βιτέλλιος),
1876 1627 1930 1669 de

196 1700 446 1743 Domitiano
490 1699 662 1743 Sueton.
708 1698 872 1742 Domit.
907 1702 946 1742 3.
1022 1698 1174 1742 Oratio
1219 1699 1311 1741 eius
1356 1712 1433 1755 pro
1479 1697 1657 1755 Spatale
1701 1698 1930 1752 (adversus

196 1769 421 1814 Galerium
451 1768 733 1824 Trachalum)
760 1769 902 1822 Quint.
934 1771 973 1819 8,
1005 1771 1044 1820 5,
1075 1771 1129 1811 17
1160 1768 1215 1822 cf.
1246 1771 1313 1810 19.
1374 1767 1579 1810 ‘Privatis
1620 1767 1763 1809 causis
1798 1781 1930 1823 quam

195 1837 381 1895 publicis
410 1837 577 1881 melior‘
615 1839 758 1892 Quint.
789 1841 857 1889 10,
885 1842 923 1889 1,
955 1841 1050 1881 119.
1085 1863 1136 1868 -
1176 1836 1503 1891 octogesimum
1543 1850 1706 1878 annum
1745 1837 1932 1877 excessit

196 1907 388 1952 Juvenal.
418 1911 458 1958 4,
494 1910 564 1951 92.
620 1907 866 1949 Defunctus
902 1921 1001 1949 cum
1040 1905 1338 1960 Quintilianus
1379 1904 1516 1948 edidit
1556 1906 1764 1947 oratorias
1812 1905 1931 1946 insti-

196 1977 384 2019 tutiones
415 1977 548 2032 (circa
573 1991 613 2019 a.
642 1976 712 2031 93)
740 1977 883 2030 Quint.
907 1990 967 2021 or.
990 1979 1236 2026 10,1,119.
1286 1975 1480 2018 Divitiae
1511 1976 1603 2017 eius
1640 1974 1738 2018 Tac.
1771 1973 1874 2018 dial.
1905 1975 1934 2014 8

197 2046 251 2100 cf.
282 2045 322 2088 h.
349 2048 393 2096 2,
426 2049 504 2098 10;
536 2045 739 2088 Martial.
770 2049 810 2096 4,
840 2048 906 2096 54,
940 2048 968 2087 7
1007 2045 1126 2100 (nam
1164 2045 1236 2086 vioe
1276 2044 1388 2086 alius
1425 2043 1603 2098 Crispus
1641 2042 1930 2098 intelleyitur).

195 2113 457 2157 Liberalitas
480 2116 572 2157 eius
594 2114 798 2157 Martial.
826 2117 896 2165 12,
927 2117 994 2164 36,
1024 2117 1062 2157 9.
1115 2113 1201 2156 Hic
1230 2116 1279 2155 ut
1307 2112 1473 2155 videtur
1494 2112 1547 2165 Q.
1573 2111 1728 2154 Vibius
1750 2111 1931 2168 Crispus

196 2187 226 2227 t.
265 2198 355 2238 rep.
395 2185 442 2227 in
482 2185 728 2227 suburbano
770 2183 1022 2225 Atheniensi
1061 2182 1178 2225 OIA.
1213 2182 1303 2224 III
1334 2185 1428 2224 619.
1498 2181 1611 2224 Eius
1653 2181 1821 2223 nomine
1869 2180 1931 2221 in-

195 2253 381 2308 scriptae
410 2253 581 2309 fistulae
611 2254 820 2307 aquariae
849 2267 938 2306 rep.
969 2255 1017 2294 ut
1044 2252 1210 2293 violetur
1240 2252 1285 2293 in
1314 2251 1418 2293 urbe
1447 2250 1612 2301 Roma,
1645 2264 1714 2304 ap.
1746 2249 1931 2291 Lancia-

197 2323 315 2365 nium
334 2322 428 2377 syll.
451 2337 517 2377 aq.
538 2337 580 2367 n.
600 2325 694 2366 590.
715 2325 809 2365 591.
859 2321 1004 2364 Huius
1025 2324 1064 2363 et
1085 2321 1241 2374 fratris
1262 2321 1330 2374 (L.
1364 2319 1480 2361 Vibii
1497 2318 1692 2369 Secundi,
1717 2318 1771 2372 cf.
1793 2318 1931 2373 infra)

196 2404 340 2434 servus
359 2390 514 2433 Florus
536 2389 766 2433 Vibiorum
789 2389 930 2446 Crispi
955 2396 997 2431 et
1019 2388 1240 2444 Sec[undi]
1275 2388 1399 2430 VIII
1421 2387 1468 2431 S.
1499 2388 1642 2430 21195
1673 2386 1933 2442 (Caesareae

199 2460 536 2516 Mauretaniae),
559 2461 658 2502 item
678 2460 862 2514 fortasse
883 2459 1035 2501 Victor
1055 2458 1285 2500 Vibiorum
1308 2472 1459 2499 servus
1490 2456 1615 2499 VIII
1625 2458 1735 2499 5866
1754 2454 1930 2511 (Siyus).

199 2529 368 2572 Liberti
399 2536 441 2572 et
467 2528 651 2571 libertae
683 2529 775 2570 eius
807 2528 977 2571 V6590.
1000 2530 1121 2569 6711.
1152 2526 1232 2569 ΙΧ
1253 2528 1374 2568 4881.

127 2634 183 2640 --
228 2615 272 2660 Q.
293 2616 457 2652 VIBIVS
488 2615 741 2652 EGNATIVS
774 2614 1025 2651 SVLPICIVS
1057 2613 1260 2649 PRISCVS
1291 2621 1327 2649 v.
1356 2605 1410 2659 Q.
1434 2606 1583 2648 Virius
1614 2605 1826 2660 Egnatius
1857 2607 1931 2647 cel.

125 2714 183 2719 —
226 2696 280 2733 Μ.
310 2696 509 2732 AClLIVS
541 2696 707 2732 VIBIVS
739 2695 1032 2731 FAVSTINVS.

113 2771 198 2813 380
228 2770 280 2812 L.
311 2769 470 2813 Vibius
501 2770 787 2823 Fortunatus,
831 2768 1051 2825 haruspex
1081 2767 1292 2822 Augusti,
1334 2767 1540 2821 magister
1570 2782 1596 2809 a
1626 2766 1803 2822 studiis,
1836 2780 1932 2823 pro-

200 2845 376 2881 curator
406 2838 667 2881 ducenarius
699 2839 896 2880 stationis
927 2837 1235 2879 hereditatium
1268 2839 1295 2877 t.
1328 2836 1426 2890 ayri
1453 2835 1638 2878 Falerni
1665 2835 1714 2878 X
1739 2839 1864 2879 4721.

113 2921 195 2964 381
229 2919 387 2963 Vibius
418 2919 604 2973 Fronto,
641 2917 886 2975 praefectus
918 2918 1113 2974 equitum
1152 2918 1196 2958 in
1229 2915 1404 2970 Cilicia3
1436 2915 1491 2958 ab
1523 2930 1571 2957 eo
1602 2915 1808 2958 Vonones
1839 2930 1930 2970 rex,

201 2989 276 3046 qui
317 2987 512 3043 fugerat,
561 2988 606 3029 in
656 2988 752 3044 ripa
801 2986 992 3029 fluminis
1033 2986 1211 3041 Pyrami
1252 2984 1550 3041 adprehensus
1593 2991 1635 3026 et
1674 2985 1718 3026 in
1755 2983 1933 3026 vincula

200 3059 420 3100 coniectus
446 3056 546 3099 Tac.
567 3070 608 3098 a.
635 3059 678 3107 2,
702 3058 769 3098 68.

115 3139 199 3182 382
229 3137 386 3181 Vibius
417 3136 594 3192 Gallus,
628 3137 797 3192 rhetor,
837 3137 960 3179 cuius
991 3134 1326 3177 declamationes
1362 3140 1573 3176 memorat
1604 3133 1770 3176 Seneca
1800 3136 1931 3177 contr.

202 3210 246 3258 2,
278 3210 316 3258 1,
347 3209 406 3250 25
436 3210 474 3248 et
506 3206 615 3248 alibi
636 3206 803 3261 passim
834 3206 905 3261 (cf.
938 3204 1158 3259 Kiesslin9
1187 3203 1275 3246 ind.
1299 3218 1348 3259 p.
1369 3203 1478 3258 556).
1516 3228 1564 3233 —
1599 3202 1700 3245 Non
1729 3202 1809 3245 huc
1831 3216 1931 3257 per-

203 3276 308 3318 tinet
353 3274 453 3318 Sex.
499 3275 658 3318 Vibius
706 3273 881 3329 Gallus,
932 3273 1176 3331 praefectus
1227 3280 1467 3315 castrorum
1511 3271 1694 3326 legionis
1739 3270 1934 3313 decimae

201 3345 354 3387 tertiae
384 3343 597 3387 Geminae
628 3343 718 3386 III
740 3343 787 3388 S.
818 3345 938 3386 6984.
