2242 3672
197 249 496 287 SABINILLVS
1066 247 1149 290 153
1804 253 2016 291 SABINVS

198 381 251 424 15
283 387 574 430 SABINILLVS
599 382 806 440 ’(Σαβῖνος
842 384 952 438 fasti
992 383 1155 428 Graeci
1197 384 1340 440 alteri)
1384 384 1535 428 consul
1579 384 1670 427 ord.
1716 400 1754 428 a.
1792 386 1875 428 266
1921 400 2015 428 cum

282 449 481 495 Gallieno
511 452 740 508 septimum
771 452 891 506 fasti.
941 453 1130 496 Auditor
1159 453 1322 496 Plotini
1342 453 1609 509 Porphyrius
1628 454 1700 496 vit.
1724 453 1895 498 Plotini
1914 458 1953 506 1,
1978 459 2015 498 7.

194 543 252 549 -
283 518 331 567 C.
363 520 526 562 Furius
558 519 763 563 Sabinius
793 521 957 578 Aquila
987 522 1289 566 Timasitheus.
1356 534 1359 538 '

198 589 250 631 16
281 587 484 632 Sabinius
515 589 712 645 Dignus:
744 590 835 632 eius
861 591 971 633 servi
998 591 1046 634 in
1077 595 1105 636 t.
1135 592 1304 635 urbano
1327 591 1446 635 Bull.
1480 592 1697 636 cornunale
1727 595 1840 636 1886
1860 608 1909 648 p.
1937 596 2018 636 153

278 671 320 702 n.
343 660 464 701 1184.
514 658 721 702 Fortasse
750 659 872 702 horno
900 660 1071 705 nobilis.

191 750 250 756 --·
279 731 321 768 C.
352 732 539 769 MATIVS
571 727 654 782 (vel
682 728 921 782 MATTIVS)
954 734 1180 771 SABINIVS
1213 736 1453 773 SVLLINVS
1485 736 1791 773 VATINIANVS
1818 735 1892 776 Get.

195 776 247 838 17
279 801 480 838 SABINIA
502 802 717 839 CELSINA
737 796 978 839 clarissima
999 797 1171 853 femina,
1205 798 1399 841 Naeviae
1419 798 1670 842 Marcianae
1690 798 1791 855 filia,
1825 800 2016 844 Geminii

276 864 463 907 Modesti
495 881 609 909 uxor
640 868 667 908 t.
696 864 904 909 Cirtensis
935 865 1062 909 VIII
1085 869 1210 918 7054,
1241 868 1297 921 ef.
1328 871 1504 910 stemma
1533 868 1599 910 ibi
1627 868 1848 911 adiectum.

197 931 248 975 18
281 932 460 977 Sabinia
489 934 707 991 Felicitas,
739 935 790 979 L.
822 935 1055 978 Percennii
1084 936 1260 980 Lascivi
1293 951 1405 979 uxor
1435 936 1506 980 VI
1520 940 1642 980 1487.

189 1026 247 1032 —
275 1008 430 1045 FVRIA
461 1010 662 1046 SABINIA
691 1009 1073 1056 TRANQVILLINA
1103 1011 1347 1050 AVGVSTA.

194 1071 246 1114 19
277 1072 520 1130 SABI[NVS]
551 1072 721 1129 legatus
751 1073 900 1116 Norici
927 1080 976 1117 ut
1003 1073 1178 1117 videtur
1210 1074 1361 1118 Severi
1383 1082 1425 1118 et
1446 1074 1695 1118 caracallae
1716 1052 2019 1132 Augustorum·

277 1141 334 1197 (a.
358 1141 579 1197 198-209)
612 1146 640 1185 t.
662 1143 911 1186 Iuvavensis
931 1143 1021 1186 III
1033 1146 1151 1187 5727
1168 1143 1344 1186 mutilus
1370 1147 1410 1187 et
1438 1144 1562 1187 semel
1583 1148 1747 1187 tantum
1769 1145 2016 1201 descriptus.

189 1210 245 1253 20
276 1217 484 1254 SABINVS
518 1211 758 1255 consularis
789 1212 871 1267 vir,
905 1211 998 1267 (‘ad
1030 1226 1162 1270 quem
1191 1211 1327 1256 libros
1358 1212 1574 1270 Ulpianus
1605 1216 1791 1270 scripsit‘
1827 1215 2015 1266 additur,

274 1280 403 1336 male)
435 1280 491 1324 ab
514 1281 755 1337 Elagabalo
785 1281 925 1324 occidi
956 1282 1111 1338 iussus,
1144 1282 1221 1325 sed
1251 1297 1398 1325 errore
1424 1283 1688 1327 centurionis
1717 1291 1914 1327 servatus
1943 1285 2016 1326 vit.

273 1349 405 1405 Elay.
427 1354 494 1395 16.
552 1350 621 1405 Cf.
650 1364 785 1406 supra
815 1352 892 1394 sub
923 1351 1068 1394 Fabio
1099 1351 1264 1397 Sabino
1296 1350 1363 1404 (F
1386 1354 1470 1410 54).

187 1419 238 1461 21
258 1425 480 1462 »SABINVS
512 1420 753 1462 consularis
782 1421 852 1462 vir
872 1420 949 1476 (sic
971 1421 1044 1466 vit.
1074 1419 1208 1465 Gord.
1231 1423 1296 1471 13,
1331 1421 1430 1478 μετὰ
1460 1421 1616 1478 πράξεις
1646 1421 1798 1468 πολλὰς
1828 1423 2017 1469 ὑπατικὰς

274 1487 469 1543 Herod),
501 1504 540 1532 a.
565 1489 648 1532 238
679 1489 926 1546 praefectus
957 1489 1090 1545 urbis,
1133 1489 1322 1532 tumultu
1353 1496 1459 1544 orto,
1502 1489 1616 1532 fuste
1645 1505 1879 1546 percussus
1908 1492 2016 1532 occi-

195 1567 198 1570 ’
273 1556 392 1600 ditur
411 1557 650 1601 Herodian.
677 1562 713 1610 7,
734 1561 773 1610 7,
791 1562 831 1609 4,
862 1560 937 1601 vit.
959 1559 1195 1601 Maximin.
1216 1561 1279 1610 15,
1302 1559 1375 1603 vit.
1395 1558 1606 1602 Gordian.
1633 1561 1699 1610 13,
1721 1562 1747 1601 9
1778 1557 1908 1611 (anno
1929 1562 2016 1603 238

269 1626 541 1681 praefectum
569 1627 672 1670 urbi
699 1627 866 1670 Romae
897 1628 1079 1670 occisum
1109 1640 1196 1670 esse
1226 1626 1361 1670 tradit
1391 1628 1518 1670 etiam
1535 1626 1695 1670 -Vietor
1722 1626 1843 1670 Caes.
1865 1631 1936 1679 26,
1957 1631 2014 1685 5).

186 1694 241 1736 22
273 1701 481 1738 SABINVS
504 1695 653 1738 consul
683 1697 841 1739 iterum
873 1697 1132 1753 (iterationis
1160 1699 1265 1739 nota
1296 1699 1336 1739 et
1366 1697 1475 1739 alibi
1506 1697 1715 1739 omittitur
1744 1700 1783 1739 et
1813 1698 1858 1739 in
1890 1696 2015 1739 later-

274 1763 379 1807 culis
409 1765 626 1808 consulum
651 1780 792 1820 paene
829 1766 1046 1816 omnibus,
1077 1765 1196 1808 adest
1225 1765 1315 1808 III
1334 1768 1457 1808 3474.
1486 1768 1606 1808 4337.
1650 1765 1718 1808 VI
1728 1769 1864 1816 2131,
1902 1767 1947 1808 in
1987 1769 2015 1808 t.

269 1833 436 1877 Graeco
468 1834 679 1877 Tkraeieo
711 1834 827 1877 arch.
862 1849 923 1890 ep.
957 1834 1106 1879 Mitth.
1127 1838 1186 1877 17
1203 1849 1251 1889 p.
1273 1838 1364 1878 220
1392 1848 1434 1877 n.
1466 1838 1573 1885 124,
1605 1835 1652 1877 in
1682 1835 1811 1888 fastis
1837 1834 2018 1877 Graecis

271 1902 428 1946 codicis
455 1904 746 1947 Laurentiani
775 1903 945 1955 alteris,
984 1904 1084 1946 item
1115 1903 1340 1958 aliquoties
1368 1904 1415 1946 in
1445 1903 1533 1946 eod.
1566 1903 1692 1958 Iust.)
1733 1919 1772 1946 a.
1798 1904 1881 1946 240
1915 1919 2014 1954 ,cum

270 1971 467 2014 Venusto
496 1973 614 2027 fasti.
671 1972 880 2016 Fortasse
910 1973 1083 2016 Vettius
1116 1971 1316 2027 Sabinus,
1351 1973 1407 2026 cf.
1440 1973 1562 2026 infra
1590 1973 1667 2015 sub
1699 1972 1788 2015 hoc.

183 2040 240 2083 23
271 2040 473 2097 Sabinus,
499 2048 628 2098 poeta
652 2042 919 2099 temporibus
941 2041 1144 2097 Augusti,
1177 2040 1325 2084 Ovidii
1347 2042 1513 2083 amicus
1538 2041 1659 2085 Ovid.
1682 2055 1764 2084 ain.
1786 2045 1828 2092 2,
1851 2044 1918 2092 18,
1940 2045 2011 2091 27,

271 2124 322 2152 ex
351 2110 404 2153 P.
424 2114 464 2162 4,
486 2114 552 2162 16,
575 2114 628 2153 16
657 2111 729 2167 (ef.
758 2109 921 2163 Teuffel
950 2111 1038 2155 Lit.
1059 2113 1161 2161 252,
1185 2110 1243 2165 4).
1277 2135 1328 2140 —
1362 2110 1504 2153 Plane
1535 2111 1743 2153 incertum
1771 2124 1872 2152 nuni
1902 2110 2013 2152 idem

271 2178 474 2234 Sabinus,
507 2181 672 2222 amicus
704 2180 917 2237 Torquati
948 2179 1095 2223 Horat
1116 2194 1178 2234 ep.
1201 2183 1239 2230 1,
1262 2181 1301 2230 5,
1323 2182 1394 2222 27.

186 2248 243 2290 24
274 2247 478 2303 Sabinus,
509 2263 656 2291 rerum
688 2248 889 2292 Caesaris
919 2250 965 2290 in
995 2247 1124 2305 Syria
1155 2254 1413 2304 procurator
1443 2246 1665 2304 (Καίσαρος
1696 2247 1905 2303 ἐπίτροπος
1933 2251 2012 2290 τῶν

271 2317 313 2361 ἐν
347 2318 471 2374 Συρίᾳ
501 2320 746 2375 πραγμάτων
779 2317 945 2372 Ioseph.
975 2320 1063 2359 ant.
1090 2320 1156 2368 17,
1173 2320 1212 2368 9,
1228 2320 1268 2368 3,
1301 2318 1321 2359 ὁ
1352 2321 1422 2373 τῆς
1443 2317 1588 2373 Συρίας
1617 2315 1827 2372 ἐπίτροπος
1846 2315 2012 2370 Ioseph.

272 2387 366 2430 bell.
390 2388 434 2437 2,
456 2390 500 2437 2,
523 2387 585 2442 2),
617 2386 768 2428 audita
798 2385 987 2428 Herodis
1016 2392 1154 2428 morte
1186 2384 1495 2441 Hierosolyma
1525 2384 1748 2427 contendit
1788 2383 1844 2426 ad
1884 2399 2013 2441 pecu-

269 2456 388 2498 niam
418 2456 583 2510 regiam
614 2455 908 2512 occupandam
930 2454 1096 2510 Ioseph.
1124 2458 1211 2499 ant.
1242 2457 1309 2505 17,
1342 2457 1381 2504 9,
1406 2457 1446 2504 3,
1481 2453 1574 2496 bell.
1597 2457 1640 2504 2,
1663 2456 1705 2504 2,
1726 2457 1784 2505 2,·
1814 2453 1895 2496 sub
1926 2468 2012 2510 quo

270 2530 503 2581 praetextu
532 2523 719 2567 Iudaeos
749 2525 946 2580 graviter
972 2524 1155 2566 vexavit
1180 2523 1347 2578 Ioseph.
1372 2526 1459 2567 ant.
1481 2526 1548 2573 17,
1569 2526 1635 2573 10,
1659 2525 1697 2572 1,
1732 2521 1826 2566 bell.
1846 2525 1889 2573 2,
1911 2525 1950 2573 3,
1973 2526 2011 2566 1.

273 2592 538 2635 Archelaum
570 2607 648 2650 per
678 2593 844 2636 litteras
875 2592 994 2650 apud
1017 2592 1247 2636 Caesarem
1268 2597 1448 2635 accusat
1466 2590 1632 2645 Ioseph.
1656 2594 1743 2633 ant.
1761 2593 1828 2641 17,
1852 2594 1890 2642 9,
1911 2594 1950 2634 4.
1971 2594 2010 2642 5,

274 2661 368 2705 bell.
390 2665 433 2712 2,
456 2665 500 2713 2,
521 2665 560 2706 4.
606 2661 923 2718 Hierosolymis
955 2661 1180 2705 obsidetur
1209 2676 1236 2703 a
1266 2660 1440 2703 Iudaeis
1476 2659 1692 2703 seditiosis
1723 2660 1889 2714 Ioseph.
1924 2663 2011 2703 ant.

270 2733 337 2782 17,
360 2734 426 2782 10,
449 2734 493 2775 2.
513 2734 553 2782 3,
587 2731 681 2774 bell.
702 2735 746 2783 2,
769 2735 808 2775 3.
869 2730 1103 2775 Liberatus
1133 2746 1160 2773 a
1191 2726 1431 2784 Quinctilio
1461 2730 1580 2772 Varo
1614 2728 1769 2785 Syriae
1798 2729 2011 2785 praeside,

270 2798 486 2842 declinato
517 2800 627 2843 Vari
657 2806 893 2857 conspectu
923 2799 1242 2856 Hierosolymis
1274 2798 1447 2842 excedit
1480 2798 1647 2853 Ioseph.
1682 2800 1770 2840 ant.
1793 2800 1860 2848 17,
1883 2801 1949 2848 10,
1973 2801 2011 2848 9,

272 2868 367 2911 bell.
388 2871 431 2919 2,
454 2871 493 2919 5,
515 2871 559 2912 2.

184 2936 238 2978 25
271 2935 472 2992 Sabinus,
504 2936 735 2992 gladiator,
768 2953 795 2980 a
825 2938 937 2982 Gaio
968 2936 1170 2981 tribunus
1204 2937 1524 2981 Germanorum
1556 2936 1750 2991 corporis
1781 2934 2011 2977 custodum

269 3004 410 3047 factus
440 3006 606 3061 Ioseph.
640 3010 728 3049 ant.
753 3010 820 3058 19,
842 3010 882 3058 1,
903 3009 931 3050 5
961 3005 1033 3061 (ef.
1057 3006 1174 3050 Suet.
1205 3005 1297 3049 Cal.
1318 3008 1384 3056 55,
1416 3004 1708 3048 Friedlander
1738 3003 1917 3057 Sittena.
1949 3004 2008 3046 25

265 3088 313 3128 p.
334 3077 417 3116 333
445 3078 532 3118 not.
557 3077 616 3131 8),
648 3074 737 3118 Dio
763 3078 830 3126 60,
851 3077 911 3119 28
939 3074 1099 3127 (errore
1124 3090 1152 3117 a
1171 3074 1388 3118 nonnullis
1409 3086 1587 3129 praeses
1610 3072 1783 3115 Galliae
1803 3071 2005 3127 habitus).

272 3142 366 3186 Sub
387 3142 570 3186 Claudio
592 3158 691 3186 cum
711 3143 965 3200 depugnare
997 3150 1172 3187 coactus
1202 3143 1534 3201 periclitaretur,
1568 3157 1594 3183 a
1614 3139 1861 3195 Messalina,
1894 3141 2008 3181 inter

271 3212 394 3255 euius
429 3211 648 3255 adulteros
680 3212 775 3268 fuit,
809 3219 1010 3256 servatus
1040 3212 1130 3255 Dio
1162 3212 1188 3255 l.
1221 3226 1255 3255 c.

182 3280 238 3322 26
270 3279 485 3337 Sabinus,
527 3280 650 3323 miles
682 3282 725 3323 in
759 3282 954 3324 exercitu
988 3282 1098 3336 Titi,
1140 3281 1315 3324 cohorte
1346 3280 1494 3336 aliqua
1522 3279 1618 3334 (τῶν
1651 3277 1692 3320 ἐν
1723 3279 1807 3323 ταῖς
1833 3279 2008 3333 σπείραις

269 3350 640 3407 στρατευομένων),
682 3351 849 3406 origine
895 3350 1056 3407 Syrus,
1102 3364 1279 3392 murum
1323 3347 1729 3406 Hierosolymorum
1774 3360 1862 3387 una
1907 3360 2005 3387 cum
