2242 3672
223 252 512 291 TERENTIVS
1089 245 1168 288 301
1757 251 2043 289 TERENTIVS

396 384 633 428 Proconsul
664 384 838 428 Siciliae
869 383 950 427 sub
971 383 1171 439 Augusto
1201 396 1397 427 nummus
1416 383 1701 439 Lilybitanus,
1732 397 1854 438 quem
1874 385 2046 440 primus

303 454 431 510 plene
463 453 562 510 leqit
591 453 850 509 Boryhesius
882 467 975 508 opp.
1007 456 1050 504 2,
1081 455 1180 504 208,
1213 452 1360 496 deinde
1380 452 1658 496 Boutkowski
1684 452 1966 498 dictionnaire
1996 455 2045 498 de

305 523 500 567 numism.
535 537 576 568 n.
610 526 746 574 2624,
787 523 887 565 item
916 522 1302 577 Imhoof-Blumer,
1334 523 1387 577 cf.
1421 522 1561 565 Klein
1592 521 2047 578 Verualtunysbeamte

304 596 343 644 1,
385 594 438 636 95
479 592 636 648 (minus
675 592 803 647 plene
837 591 999 634 Eckhel
1037 594 1087 642 5,
1125 594 1212 635 323
1250 595 1289 634 et
1329 591 1425 649 alii)
1435 605 1449 644 ,·
1495 591 1570 634 sed
1607 592 1720 647 quod
1748 593 2045 647 proconsulem

301 662 433 717 fuisse
472 674 559 704 non
598 663 697 703 ante
737 675 777 703 a.
810 663 889 703 733
928 661 1089 703 statuit‘
1112 660 1325 716 Boryhesi
1354 661 1380 704 l.
1412 675 1445 704 e.
1476 675 1526 716 p.
1551 664 1651 712 209,
1694 661 1806 715 quod
1845 676 1891 705 eo
1932 676 2044 706 anno

305 730 473 774 colonia
491 730 614 784 facta
632 729 692 772 sit
709 729 962 785 Lilybaeum
985 743 1116 784 neque
1147 733 1275 773 antea
1302 743 1497 773 nummus
1526 729 1599 773 ille
1629 744 1752 773 eusus
1782 744 1868 774 esse
1889 733 2041 786 possit,

303 800 351 843 id
377 799 520 842 minus
545 802 656 842 recte
685 802 892 842 statutum
923 812 1010 842 esse
1038 798 1215 850 videtur,
1247 800 1301 854 ef.
1331 799 1444 843 CIL.
1475 800 1524 842 X
1541 815 1591 855 p.
1614 799 1728 855 742).
1755 825 1805 831 —
1837 800 2044 845 Fortasse

304 869 373 912 hic
428 867 568 912 Cullio
616 868 732 924 (sic),
785 869 908 911 cuius
954 883 1105 910 servus
1152 868 1347 925 sepultus
1394 870 1438 911 in
1482 876 1763 912 monumento
1809 869 2043 912 Marcellae

308 938 378 982 VI
394 940 513 982 4455.
571 937 698 980 Uxor
742 938 836 980 eius
876 937 1010 980 Albia
1052 937 1122 980 VI
1142 940 1252 980 4483
1286 938 1485 993 (fortasse
1515 942 1647 993 pater
1686 953 1736 981 ex
1765 938 1846 981 hac
1884 938 2042 982 Albiae

309 1006 542 1057 Terentiae,
573 1007 721 1049 uxoris
751 1007 802 1050 L.
836 1005 977 1049 Salvii
1003 1005 1181 1049 Othonis
1211 1006 1393 1049 consulis
1425 1021 1464 1049 a.
1494 1009 1563 1058 33,
1597 1006 1712 1051 Suet.
1744 1007 1838 1052 Oth.
1870 1008 1924 1063 1).

219 1077 276 1121 54
307 1083 351 1128 Q.
375 1081 661 1118 TERENTIVS
685 1081 881 1117 CVLLEO
909 1075 987 1127 (sic
1008 1075 1070 1117 II
1083 1075 1130 1118 S.
1151 1078 1279 1126 5792,
1300 1076 1400 1118 item
1420 1076 1521 1130 fast.
1543 1076 1622 1130 fer.
1644 1077 1769 1128 Lat.,·
1798 1077 1844 1118 in
1874 1091 2042 1121 nummo

303 1159 528 1201 coynomen
559 1146 754 1200 tantum).
796 1143 941 1186 Filius
960 1147 1008 1187 ut
1027 1144 1192 1187 videtur
1213 1145 1302 1186 eius
1323 1145 1397 1199 qui
1407 1145 1642 1199 praecedit.
1666 1146 1857 1200 Legatus
1879 1161 1957 1203 pro
1976 1162 2040 1203 pr.

301 1214 481 1259 Ciliciae
493 1213 552 1268 (?)
573 1212 652 1256 sub
669 1213 848 1256 Tiberio
869 1227 1065 1255 nummus
1092 1227 1161 1268 ap.
1185 1213 1377 1256 Vaillant
1396 1214 1591 1256 numism.
1605 1215 1704 1268 imp.
1725 1214 1879 1258 Graec.
1897 1216 2041 1273 (1698)

293 1299 341 1339 p.
361 1286 389 1325 7
409 1283 523 1339 (inde
543 1282 705 1326 Eckhel
723 1286 762 1334 3,
786 1285 884 1334 323,
904 1283 1104 1325 Mionnet
1118 1283 1253 1338 suppl.
1277 1282 1374 1325 VH
1385 1285 1476 1334 154,
1494 1286 1585 1341 20),
1605 1284 1702 1326 item
1719 1298 1786 1338 ap.
1809 1285 2042 1328 Morellum

302 1352 487 1396 thesaur.
520 1367 568 1408 p.
598 1355 681 1395 414
719 1352 824 1407 fam.
862 1352 1061 1395 Terentia
1099 1353 1170 1408 fiy.
1202 1352 1266 1403 Ε,
1310 1352 1543 1407 inscriptus
1583 1352 1646 1395 ἐπὶ
1688 1352 1928 1401 Κουλεῶνος
1967 1355 2044 1411 (sic

302 1421 504 1473 Vaillant,
538 1420 803 1469 Κουλλεῶνος
834 1422 1027 1479 Morell.)
1061 1420 1259 1479 Αἰγεαίων
1291 1424 1399 1478 δήμ.,
1431 1421 1564 1477 Aeyis
1590 1421 1769 1465 Ciliciae
1801 1424 1983 1467 tributus
2014 1439 2043 1467 a

300 1490 513 1542 Vaillant,
546 1491 760 1546 probante
798 1490 1014 1534 Eclchelio.
1050 1516 1102 1520 —
1135 1490 1299 1533 Consul
1340 1491 1549 1533 suffectus
1592 1506 1738 1534 mense
1778 1492 1881 1535 Mai.
1913 1508 1951 1535 a.
1985 1494 2040 1536 40

301 1560 410 1615 fasti
427 1561 507 1615 fer.
529 1561 627 1603 Lat.
651 1559 788 1616 (CIL.
813 1560 847 1603 I
860 1560 922 1603 ed.
944 1563 976 1604 2
997 1575 1045 1615 p.
1067 1562 1152 1618 58),
1176 1575 1273 1602 eum
1293 1559 1341 1603 C.
1370 1560 1588 1603 Laecanio
1611 1561 1744 1603 Basso
1767 1561 1831 1604 H
1845 1561 1891 1605 S.
1911 1565 2038 1607 5792.

303 1629 448 1673 Huius
468 1632 578 1685 puto
609 1628 778 1684 fistulae
808 1630 1015 1684 aquariae
1045 1629 1090 1671 in
1120 1630 1224 1672 urbe
1253 1631 1468 1684 repertae,
1495 1629 1729 1684 inscriptae
1760 1630 1812 1684 Q.
1845 1630 2038 1675 Terentii

304 1697 526 1743 Culleonis
556 1698 675 1741 Bull.
708 1699 926 1742 comunale
956 1701 1068 1742 1883
1090 1714 1136 1754 p.
1160 1701 1258 1742 321.

216 1770 271 1813 55
303 1774 588 1811 TERENTIVS
629 1774 919 1811 GENTIANVS
961 1768 1041 1823 (sic
1075 1771 1102 1813 t.
1132 1768 1336 1822 urbanus,
1371 1801 1380 1810 .
1399 1801 1408 1810 .
1428 1767 1613 1825 ,ητιανός
1653 1771 1682 1810 t.
1714 1767 1955 1820 Arabicus;
1995 1770 2040 1812 in

303 1837 527 1882 consulatu
567 1838 853 1894 Gentianus),
896 1838 965 1880 vir
1004 1837 1270 1881 clarissimus
1312 1840 1340 1881 t.
1376 1838 1568 1880 urbanus
1609 1838 1678 1880 VI
1699 1840 1823 1881 2144.
1883 1838 2039 1880 Frater

301 1908 532 1951 Terentiae
562 1906 774 1951 Flavulae
807 1908 987 1963 virginis
1019 1907 1208 1950 Vestalis
1240 1905 1333 1960 (sub
1366 1906 1520 1950 Severo
1552 1910 1591 1949 et
1623 1906 1872 1962 Caracalla)
1903 1908 2038 1950 maxi-

300 1992 396 2020 mae
425 1980 454 2019 t.
484 1977 701 2028 urbanus;
730 1977 871 2031 frater
900 1977 999 2019 item
1027 1977 1118 2020 sine
1149 1977 1275 2019 dubio
1302 1977 1349 2031 Q.
1382 1976 1577 2019 Lolliani
1604 1976 1775 2019 Plautii
1801 1976 1934 2027 Aviti,
1967 1977 2041 2030 qui

302 2049 341 2089 et
376 2047 466 2102 ipse
495 2047 636 2101 frater
670 2047 816 2101 fuerat
851 2046 1070 2089 Terentiae
1099 2045 1341 2097 Flavulae,·
1379 2052 1562 2102 patruus
1601 2044 1789 2087 Lolliani
1832 2046 2037 2090 Gentiani

302 2119 328 2159 t.
359 2115 564 2159 urbanus.
618 2115 783 2158 Filium
813 2116 947 2170 fuisse
973 2114 1224 2158 crediderim
1250 2116 1298 2169 Q.
1321 2115 1454 2157 Hedii
1478 2115 1584 2170 Rufi
1605 2114 1800 2157 Lolliani
1821 2114 2037 2164 Gentiani,

301 2185 376 2239 qui
402 2184 551 2239 floruit
579 2185 655 2228 sub
694 2183 920 2228 Commodo
951 2187 991 2227 et
1021 2183 1196 2235 Severo,
1229 2187 1503 2239 pronepotem
1535 2182 1592 2228 D.
1622 2183 1809 2226 Terentii
1835 2182 2042 2226 Gentiani

301 2254 375 2308 qui
412 2254 613 2308 sequitur,
662 2254 713 2308 cf.
754 2256 930 2296 stemma
966 2254 1235 2308 propositum
1279 2267 1413 2308 supra
1456 2253 1532 2295 sub
1579 2253 1629 2294 L.
1671 2251 1870 2294 Lolliano
1909 2250 2038 2294 Avito

299 2320 397 2374 (vol.
427 2322 489 2365 II
512 2337 561 2377 p.
594 2322 712 2377 294).
780 2321 963 2365 Flamen
1005 2321 1147 2364 Dialis
1189 2325 1216 2365 t.
1255 2323 1459 2365 urbanus.
1526 2322 1708 2364 Praetor
1751 2319 1946 2362 tutelaris
1976 2321 2034 2363 ib.

301 2390 494 2446 Legatus
524 2406 602 2447 pro
634 2407 699 2448 pr.
730 2390 924 2434 Arabiae
955 2407 993 2435 a.
1017 2391 1101 2434 209
1133 2394 1161 2433 t.
1189 2390 1408 2434 Arabicus
1440 2405 1507 2445 ap.
1543 2390 1832 2444 Waddinyton
1861 2404 1902 2434 n.
1924 2393 2037 2433 2460

298 2460 390 2515 (ubi
432 2459 542 2503 hunc
587 2460 777 2516 intelleyi
820 2461 996 2503 coniecit
1036 2460 1289 2514 Hirschfeld
1333 2475 1402 2515 ap.
1442 2459 1622 2502 Rohden
1669 2459 1718 2501 dc
1764 2458 1955 2501 Palaest.
1998 2462 2038 2501 ct

297 2528 472 2571 Arabia
492 2544 541 2583 p.
561 2528 649 2584 52).
702 2529 865 2573 Consul
897 2529 989 2573 ord.
1021 2546 1059 2573 a.
1084 2531 1163 2573 211
1199 2544 1299 2572 oum
1320 2529 1595 2585 (Pomponio)
1628 2529 1762 2570 Basso
1790 2528 1898 2581 fasti
1918 2527 2036 2587 (nam

300 2597 434 2640 alium
462 2597 722 2641 Gentianum
749 2599 938 2654 intelleyi
964 2599 1036 2642 vix
1066 2598 1329 2650 crediderim,
1362 2599 1622 2653 praesertim
1658 2611 1750 2639 eum
1780 2597 1919 2650 frater
1948 2597 2036 2639 eius

304 2668 351 2719 Q.
386 2665 612 2708 Lollianus
643 2666 847 2709 Plautius
876 2666 1031 2710 Avitus
1060 2667 1132 2710 vix
1172 2667 1360 2710 diversus
1401 2667 1459 2709 sit
1500 2666 1553 2709 ab
1584 2665 1713 2708 Avito
1745 2665 1912 2708 consule
1943 2665 2032 2708 ord.

299 2749 339 2778 a.
370 2733 490 2789 209).
551 2735 676 2778 Uxor
707 2736 948 2793 Pomponia
979 2736 1164 2779 Paetina
1194 2739 1222 2779 t.
1252 2736 1457 2778 urbanus.

212 2803 268 2846 56
298 2809 346 2846 D.
369 2809 653 2846 TERENTIVS
675 2810 975 2850 GENTIANVS.
1010 2805 1167 2848 Tituli:
1185 2805 1376 2848 Dacicus
1397 2805 1485 2848 III
1501 2808 1609 2850 1463
1630 2805 1712 2860 (1);
1732 2803 2031 2858 Acyyptiacus,

300 2885 431 2914 carm(
441 2886 471 2914 n
485 2873 664 2915 incisum
679 2874 725 2916 in
731 2873 1010 2929 pyramidum
1024 2889 1125 2925 una,
1137 2874 1227 2917 III
1231 2877 1288 2917 21
1298 2893 1354 2908 =
1366 2872 1509 2916 IIIS.
1523 2875 1634 2916 6625
1645 2871 1721 2930 (2).
1737 2898 1787 2902 —-
1803 2872 2032 2914 Terentius
2112 2915 2116 2919 ,

297 2941 541 2985 Gentianus
570 2942 642 2986 vit.
674 2942 827 2994 Hadr„
870 2942 913 2987 U
916 2943 1100 2998 spianus,
1219 2944 1383 2985 rentius
1415 2941 1659 2985 Gentianus
1695 2944 1723 2985 t.
1755 2944 1793 2991 1,
1824 2941 2031 2982 Decimus

296 3008 566 3053 Gentiannus
597 3010 786 3054 traditur
816 3015 844 3054 t.
874 3016 917 3056 2.

383 3078 610 3130 Fortasse,
650 3083 699 3122 ut
737 3081 913 3124 coniecit
943 3081 1183 3124 Mommsen·
1214 3080 1272 3123 ad
1302 3084 1330 3124 t.
1360 3083 1402 3131 2,
1444 3079 1560 3135 filius
1589 3078 1648 3122 D.
1680 3078 1867 3121 Terentii
1896 3077 2029 3119 Scau-

297 3147 427 3198 riani‚
460 3151 567 3191 certe
588 3162 638 3191 ex
659 3149 748 3191 eius
762 3152 896 3204 yente.
946 3148 1168 3192 Tribunus
1197 3147 1394 3203 militum,
1419 3154 1632 3204 quaestor,
1658 3146 1856 3189 tribunus
1876 3144 2027 3201 plebis,

298 3223 474 3271 praetor
504 3220 532 3259 t.
565 3220 604 3260 1.
661 3217 855 3273 Legatus
895 3217 1011 3273 Aug.
1044 3221 1072 3260 t.
1103 3221 1129 3259 1
1169 3218 1371 3273 (fortasse
1411 3215 1615 3271 leyionis).
1684 3215 1838 3257 Comes
1880 3214 2027 3255 trium-

297 3283 482 3340 phorum
511 3286 691 3328 Traiani
734 3290 761 3329 t.
792 3290 824 3330 2
865 3286 1047 3342 (videtur
1086 3286 1218 3341 iyitur
1259 3285 1459 3341 legionem
1499 3284 1666 3326 duxisse
1697 3282 1803 3326 bello
1832 3281 2027 3337 Dacico).

300 3351 462 3396 Consul
497 3357 524 3397 t.
549 3358 588 3397 1.
617 3358 661 3400 2.
720 3355 925 3398 Pontifex
955 3358 983 3398 t.
1015 3359 1052 3398 1.
1084 3358 1128 3398 2.
1191 3353 1430 3410 Censfitor)
1468 3353 1720 3410 provinciae
1750 3348 2033 3393 Macedoniae
