2242 3672
280 258 483 294 STATlvs
1134 246 1217 288 270
1881 255 2087 292 STATIVS

365 388 657 442 Augustorum
699 400 774 441 pro
816 400 880 440 pr.
916 384 1167 439 provinciae
1199 381 1499 438 Cappadociae
1536 386 1565 425 t.
1596 386 1634 424 1.
1696 383 1804 426 Dux
1833 385 1940 427 Veri
1975 384 2088 428 bello

364 456 564 499 Parthico
595 456 666 496 vit.
699 454 797 496 Veri
823 456 859 502 7,
891 452 1070 494 Lucian.
1098 465 1233 505 quom.
1259 451 1356 493 hist.
1390 464 1546 493 conscr.
1580 452 1636 493 sit
1665 455 1738 502 20,
1779 467 1847 494 res
1882 468 2089 510 prospere

364 526 475 579 gerit
506 526 549 565 in
581 523 788 566 Armenia
816 521 887 564 vit.
920 520 1070 562 Marci
1099 523 1137 569 9,
1169 520 1238 561 vit.
1268 519 1366 562 Veri
1382 522 1420 570 7,
1452 519 1667 562 Artaxata
1697 521 1811 576 cepit
1839 523 1911 564 vit.
1944 521 2088 565 Marc.

365 594 391 635 l.
425 607 456 636 c.
498 597 625 643 (anno
663 593 710 632 ut
737 589 901 632 videtur
925 591 1017 638 163,
1056 601 1135 642 quo
1177 587 1280 630 Vero
1314 587 1567 630 Armeniaci
1600 602 1750 631 nomen
1790 589 1974 632 delatum
2015 593 2087 642 cst,

360 675 466 714 quae
494 674 561 702 res
594 672 684 700 cum
721 657 1025 711 expuynatione
1059 655 1375 698 Artaxatorum
1405 657 1674 711 coniunyitur
1700 657 1772 699 vit.
1806 657 1948 703 Marc.
1972 657 2000 701 l.
2021 660 2086 715 0.).

365 728 511 783 Καινὴν
548 727 658 769 πόλιν
700 725 933 767 Armeniae
974 723 1189 779 praesidio
1229 724 1419 766 firmavit
1458 723 1619 767 Suidas
1657 738 1690 769 3.
1729 738 1765 767 v.
1806 727 1982 782 Μάρτιος
2015 726 2086 782 (cf.

364 797 559 838 Momms.
596 795 650 838 R.
697 793 750 836 G.
798 793 839 835 V
862 808 909 848 p.
944 796 1030 835 407
1069 795 1155 835 not.
1190 795 1245 848 1).
1318 793 1562 834 Veteranus
1607 792 1763 849 aliquis
1813 794 2090 851 expeditione

364 864 573 907 Orientali
614 862 694 905 sub
737 877 784 903 eo
816 862 991 903 functus
1023 864 1051 903 t.
1085 865 1121 903 7.
1177 861 1280 903 Post
1310 876 1407 903 eum
1438 861 1622 903 Martius
1653 862 1796 904 Verus
1827 862 2088 906 Sohaemum

364 947 507 986 regom
538 931 758 974 Armeniis
794 931 999 986 imposuit
1038 927 1166 982 (anno
1197 932 1290 980 164,
1333 929 1385 983 cf.
1417 930 1494 971 sub
1525 929 1746 984 Sohaemo)
1777 930 1936 974 Suidas
1975 931 2002 975 l.
2030 945 2090 983 0.,-

360 1002 524 1044 videtur
553 1001 684 1055 iyitur
715 999 910 1041 Martius
940 998 1070 1042 Verus
1101 999 1140 1040 ei
1173 999 1220 1040 in
1260 998 1466 1052 leyatione
1497 997 1794 1053 Cappadociae
1831 1000 2088 1043 successisse.

363 1072 576 1113 Patronus
608 1069 799 1125 eorporis
831 1066 1012 1109 alieuius
1043 1066 1254 1110 Ostiensis
1291 1069 1318 1110 t.
1350 1069 1389 1108 8.
1732 1082 1738 1086 ·

277 1141 359 1183 638
390 1147 433 1181 L.
468 1145 673 1181 STATIVS
714 1143 939 1179 PROSPER
977 1142 1215 1178 IVLIANVS
1257 1136 1307 1178 L.
1350 1135 1401 1190 fi,
1446 1135 1560 1178 tribu
1600 1135 1790 1191 Stellat„
1822 1135 2086 1180 clarissimus

362 1207 480 1263 [vir]‚
528 1208 642 1249 Xvir
685 1205 872 1248 stlitibus
913 1204 1180 1259 iudicandis,
1227 1205 1342 1246 sevir
1382 1211 1551 1247 turmae
1591 1204 1830 1260 seoundae3
1876 1210 2085 1261 patronus

363 1275 553 1318 coloniae
584 1274 929 1329 (Praenestinae)
966 1277 993 1316 t.
1025 1273 1332 1316 Praenestinus
1360 1273 1487 1315 XIV
1507 1276 1632 1317 2937.

277 1346 359 1388 639
392 1345 555 1388 Statius
585 1345 814 1386 Proximus
846 1343 922 1399 (sic
954 1357 986 1388 c.
1018 1346 1082 1394 50,
1115 1343 1277 1386 Statius
1309 1344 1557 1386 Proxumus
1589 1357 1623 1385 c.
1651 1346 1715 1393 71,
1750 1343 1915 1386 Statius
1946 1356 1980 1388 c.
2002 1345 2088 1398 60),

363 1414 559 1456 tribunus
581 1413 767 1456 cohortis
789 1414 1042 1469 praetoriae,
1067 1428 1104 1456 a.
1123 1413 1177 1455 65
1199 1413 1244 1454 in
1260 1412 1478 1454 Neronem
1498 1412 1743 1454 coniuravit
1764 1412 1861 1456 Tac.
1881 1425 1921 1453 a.
1938 1413 2004 1462 15,
2019 1413 2088 1454 50.

365 1481 656 1524 Nihilominus
687 1481 907 1524 Plautium
938 1481 1218 1535 Lateranum,
1251 1478 1295 1522 et
1321 1481 1463 1536 ipsum
1486 1496 1509 1523 e
1528 1481 1777 1535 coniuratis,
1808 1480 1929 1522 iussu
1953 1479 2088 1522 Nero-

363 1551 429 1592 nis
461 1550 618 1592 oceidit
646 1550 704 1595 ib.
736 1564 768 1592 c.
800 1553 865 1594 60.
899 1550 1124 1604 ‘Veniam‚
1158 1541 1295 1605 quam*
1322 1548 1377 1591 ab
1409 1549 1668 1604 imperatore
1700 1554 1936 1605 acceperat,
1969 1547 2090 1590 vani-

362 1625 448 1662 tate
478 1620 620 1661 exitus
650 1619 857 1675 eorrupit³
891 1619 949 1661 ib.
981 1632 1013 1660 c.
1047 1621 1114 1660 71.

279 1688 362 1730 640
392 1694 434 1730 L.
460 1694 666 1730 STATIVS
691 1693 1003 1738 QVADRATVS.
1054 1687 1110 1729 In
1131 1686 1353 1729 consulatu
1375 1686 1424 1728 L.
1449 1685 1612 1729 Statius
1635 1684 1885 1738 Quadratus
1913 1684 1982 1728 VI
1995 1686 2090 1727 160.

363 1756 488 1799 XIV
500 1760 563 1807 67,
597 1757 646 1798 L.
679 1757 741 1800 St.
774 1756 937 1809 Quadr.
962 1756 1010 1798 X
1020 1756 1192 1807 V1065,
1224 1756 1388 1798 Lucius
1419 1754 1669 1808 Quadratus
1688 1755 1736 1797 X
1746 1752 1892 1807 17861,
1926 1753 2091 1797 Statius
2168 1760 2171 1762 ’
2205 1749 2229 1767 ³³

364 1825 891 1876 ood1·atus111s12495,
915 1824 1282 1878 azitiouadratus
1301 1823 1574 1881 (Κουλδρατος
1593 1825 1701 1878 fasti
1716 1823 1875 1867 Graeci·
1899 1821 2092 1872 Theonis,
2186 1848 2192 1855 .
2217 1810 2228 1853 ἓ

363 1895 608 1950 Torquatus
648 1893 866 1948 Prosper).
933 1894 987 1937 In
1017 1893 1325 1948 proconsulatu
1361 1893 1522 1940 Στάτιος
1562 1891 1780 1950 Κωδρᾶτος
1812 1891 1936 1936 OIG.
1965 1892 2088 1940 3410,

365 1963 527 2005 Statius
549 1962 796 2016 Quadratus
826 1964 962 2005 versio
989 1963 1151 2005 Latina
1179 1962 1379 2017 martyrii
1408 1961 1452 2004 S.
1474 1960 1708 2016 Polycarpi
1735 1975 1769 2004 c.
1800 1964 1873 2011 21,
1905 1960 2092 2018 Στράτιος

365 2030 542 2088 Κορᾶτος
583 2031 742 2074 codices
778 2030 938 2074 Graeci
976 2031 1159 2074 eiusdem
1197 2031 1398 2085 martyrii
1437 2030 1509 2086 (cf.
1540 2030 1762 2085 Liyhtfoot
1789 2029 1857 2072 the
1887 2026 2090 2083 apostolic

365 2100 526 2153 fathers
548 2103 666 2154 part.
690 2100 751 2142 II
772 2103 800 2142 t.
821 2103 848 2142 3
879 2100 940 2144 ecl.
962 2104 994 2144 2
1015 2114 1062 2154 p.
1083 2102 1193 2151 400),
1226 2099 1365 2146 Τάτιος
1395 2097 1600 2155 Κοδρᾶτος
1631 2098 1772 2154 chron.
1804 2095 1959 2140 Pasch.

449 2167 610 2211 Consul
641 2168 732 2211 ord.
765 2184 802 2210 a.
837 2170 917 2211 142
949 2183 1048 2210 oum
1078 2168 1129 2211 L.
1152 2167 1313 2224 Cuspio
1346 2167 1501 2210 Rufino
1528 2167 1645 2221 fasti.
1695 2163 1935 2208 Proeonsul
1956 2163 2087 2207 Asiae

366 2235 484 2279 GIG.
516 2240 636 2288 3410,
667 2236 898 2293 proconsul
929 2236 1060 2280 Asiae
1102 2251 1150 2278 eo
1187 2242 1380 2293 tempore
1411 2250 1497 2292 quo
1529 2234 1797 2291 Polycarpus
1838 2248 1988 2291 passus
2023 2237 2090 2274 est

365 2305 545 2359 epistula
586 2304 913 2359 Smyrnaeorum
954 2304 1002 2347 cle
1037 2305 1245 2359 martyrio
1285 2303 1538 2359 Polycarpi,
1586 2317 1654 2357 ap.
1693 2301 1868 2345 Dressel
1904 2299 2087 2343 Patrum

366 2373 540 2428 apostol.
574 2388 703 2427 opera
724 2388 772 2428 p.
793 2376 874 2416 391
893 2387 990 2427 seq„
1022 2374 1120 2416 item
1151 2387 1218 2428 ap.
1252 2372 1470 2427 Liyhtfoot
1500 2372 1568 2414 the
1599 2371 1802 2426 apostolic
1831 2369 1994 2424 fathers
2023 2367 2086 2411 II
2170 2344 2212 2408 fs}

365 2441 424 2496 (S.
456 2442 664 2496 Iynatius,
696 2445 736 2486 S.
769 2441 1000 2497 Polycarp)
1022 2456 1070 2496 p.
1101 2444 1182 2484 984
1211 2455 1293 2495 seq.
1326 2441 1387 2483 ecl.
1419 2443 1529 2484 1885
1558 2460 1615 2475 =
1644 2440 1706 2482 II
1728 2443 1757 2482 t.
1786 2442 1814 2482 3
1834 2453 1882 2493 p.
1902 2440 1984 2480 363
2001 2450 2084 2491 seq.

364 2510 427 2559 ecl.
457 2513 575 2552 1889.
636 2510 870 2553 Proconsul
899 2510 984 2564 fuit
1013 2511 1194 2563 fortasse
1225 2523 1338 2551 anno
1367 2511 1500 2559 154l5,
1544 2508 1602 2551 ad
1638 2522 1757 2562 quem
1787 2520 1945 2549 annum
1973 2505 2090 2548 ducit

366 2578 411 2619 icl
439 2578 548 2631 quod
576 2579 622 2620 in
651 2579 857 2633 martyrio
878 2578 1110 2633 Polycarpi
1135 2578 1300 2633 leyitur,
1331 2577 1617 2639 Polycarpum
1638 2589 1817 2631 passum
1847 2588 1933 2618 esse
1962 2575 2089 2631 μηνὸς
2166 2561 2223 2630 j

369 2647 564 2689 Ξανθικοῦ
597 2648 759 2703 δευτέρᾳ
789 2647 1023 2704 ἱσταμένου,
1060 2649 1133 2703 πρὸ
1167 2647 1264 2689 ἑπτὰ
1293 2648 1503 2689 καλανδῶν
1535 2645 1723 2702 Μαρτίων
1753 2645 1826 2698 (z
1854 2646 1914 2687 23
1941 2641 2086 2692 Febr„

363 2729 463 2756 nam
491 2715 551 2756 sic
582 2716 748 2758 omnino
778 2716 1055 2766 scribendum,
1087 2729 1172 2758 non
1201 2714 1378 2769 Μαΐων),
1412 2716 1598 2772 σαββάτῳ
1630 2716 1816 2770 μεγάλῳ;
1857 2711 1946 2754 dies
1975 2710 2086 2753 enim

363 2786 419 2825 23
448 2782 575 2827 Febr.
609 2798 720 2826 anno
749 2786 829 2827 155
855 2784 1006 2826 incidit
1035 2785 1080 2826 in
1112 2784 1219 2826 diem
1248 2783 1430 2826 Saturni
1438 2796 1451 2834 ;
1487 2783 1540 2837 cf.
1573 2782 1859 2836 Wadclinyton
1887 2781 2005 2823 mem.
2037 2777 2087 2821 de

366 2850 515 2892 l’acad.
549 2851 617 2893 des
657 2852 782 2896 inscr.
813 2856 883 2903 26,
915 2856 953 2902 1,
986 2855 1100 2895 1867
1121 2867 1170 2906 p.
1191 2855 1288 2895 237.
1357 2851 1438 2894 Vix
1476 2851 1563 2905 fuit
1594 2849 1825 2904 proconsul
1862 2848 1938 2891 sub
1980 2846 2087 2889 clivis

366 2919 586 2971 fratribus,
609 2934 783 2973 quorum
805 2921 1058 2975 temporibus
1076 2919 1309 2975 Polycarpi
1326 2919 1578 2974 martyrium
1609 2918 1856 2961 adscribunt
1874 2915 2088 2960 Eusebius
2158 2911 2209 2975 ἷῖζ

367 2986 506 3030 chron.
527 2987 698 3029 Armen.
729 2989 804 3030 sub
838 3003 875 3032 a.
908 2991 1025 3032 2182
1047 3009 1100 3023 =
1119 2988 1405 3043 Hieronymus
1432 2988 1508 3030 sub
1537 3002 1578 3030 a.
1603 2989 1729 3037 2183,
1761 2986 1899 3028 chron.
1931 2982 2085 3028 Pasch.

364 3054 540 3107 aliique,
581 3069 681 3108 quos
719 3059 882 3098 secutus
914 3057 1145 3099 Massonus
1180 3057 1336 3111 aliique
1365 3056 1651 3110 Polycarpum
1682 3067 1861 3109 passum
1885 3065 1971 3096 esse
1999 3054 2086 3095 sta·

367 3126 533 3163 tuerunt
564 3137 674 3165 anno
704 3127 796 3174 166,
827 3126 900 3178 qui
930 3139 1066 3167 annus
1096 3129 1134 3167 et
1163 3126 1252 3179 ipse
1279 3124 1318 3167 cl.
1339 3128 1398 3168 23
1418 3124 1544 3166 Febr.
1577 3123 1728 3166 habuit
1756 3122 1865 3164 diem
1884 3120 2086 3171 Saturni,·
2168 3124 2193 3175 35

366 3204 465 3231 nam
496 3190 681 3232 Statium
716 3192 982 3244 Quadratum
1011 3193 1191 3235 XXIII
1214 3194 1338 3235 annis
1369 3192 1532 3234 demum
1559 3194 1788 3246 postquam
1820 3188 1963 3232 consul
2001 3188 2087 3242 fuit
2133 3196 2135 3200 ‘

364 3258 655 3310 proconsulem
703 3260 863 3312 factum
907 3274 991 3302 esse
1033 3275 1116 3303 non
1162 3265 1221 3303 est
1256 3260 1505 3315 probabile,·
1547 3262 1775 3314 praeterea
1819 3258 1946 3300 etiam
1994 3256 2086 3298 alia

365 3338 471 3378 quac
503 3326 550 3367 cle
583 3326 812 3381 Polycarpi
848 3328 936 3369 vita
971 3329 1122 3370 scimus
1160 3330 1297 3383 mayis
1336 3342 1494 3371 annum
1529 3330 1606 3370 155
1645 3325 1932 3369 commendant
1958 3337 2085 3378 quam
2168 3327 2206 3383 {jri'f-
