2242 3672
307 274 476 312 STEIVS
1169 262 1252 304 272
1816 269 2109 308 STERTINIVS

305 408 387 450 650
418 414 461 449 L.
495 410 666 447 STEIVS
697 406 1009 443 AEMILIANVS
1033 399 1177 454 (Isacn'
1197 413 1458 453 praenomen
1479 399 1796 454 perscriptam),
1827 400 1900 442 vir
1929 399 2111 444 clarissi-

389 490 494 527 mus,
527 472 704 514 maritus
728 469 895 511 Anniae
917 467 1209 510 Alexandriae
1236 470 1263 509 t.
1285 467 1478 509 urbanus
1502 467 1627 510 semel
1647 467 1879 523 descriptas
1913 468 1979 512 VI
1990 472 2109 514 1341.

317 569 374 573 —
419 541 651 585 Arruntius
684 533 830 580 Stella.

316 636 371 640 -—
415 618 459 652 L.
490 612 774 650 ARRVNTIVS
807 611 1012 647 STELLA.

314 704 371 709 —-
415 685 455 729 Q.
490 681 732 719 OCTAVIVS
764 679 1095 715 FORTVNATVS
1127 679 1414 715 ERVGIANVS
1447 680 1640 715 STELLA
1672 679 2067 718 STRATONIANVS.

301 748 379 790 651
416 745 663 801 Stephanio,
696 743 858 796 histrio,
893 743 967 798 qui
998 742 1162 798 primus
1193 748 1364 796 togatus
1393 741 1490 796 (scr.
1523 748 1703 796 togatas,
1737 742 1791 796 ef.
1820 741 1980 795 Teuffel
2004 743 2108 787 Ja‘tt.

384 818 449 865 17,
472 816 515 867 4)
546 812 702 855 saltare
723 811 908 853 instituit
928 810 1048 852 Ptin.
1070 810 1109 852 h.
1132 824 1173 852 n.
1198 814 1234 860 7,
1256 813 1336 853 159
1363 811 1620 865 (togata-rius
1643 810 1788 864 Suet),
1820 810 1875 853 ab
1896 810 2107 868 Augusto,

384 882 500 938 quod
530 887 726 923 matrona
756 879 901 935 aliqua
930 880 972 921 in
996 878 1203 935 puerilem
1227 878 1422 921 habitum
1443 880 1732 922 circumtonsa
1753 880 1792 921 ei
1812 880 2107 935 ministrasset,

382 951 518 1004 virgis
550 963 699 991 caesus
728 954 778 1000 et
799 947 1016 1002 relegatus
1048 947 1164 993 Suet.
1195 947 1308 1003 Any.
1337 950 1403 991 45.
1455 947 1643 991 Saltavit
1672 947 1784 990 ludis
1816 947 2108 992 saecularibus

383 1021 575 1075 utrisque
617 1017 803 1072 Augusti
844 1017 972 1071 (aa.
1006 1030 1038 1060 c.
1073 1015 1167 1071 737)
1208 1023 1251 1059 et
1290 1015 1460 1059 Claudii
1503 1020 1558 1072 (a.
1599 1019 1685 1059 800
1716 1037 1770 1052 =
1797 1032 1845 1072 p.
1883 1016 1986 1062 Chr.
2013 1016 2110 1072 47);

383 1094 530 1143 postea
559 1100 731 1143 quoque
766 1084 842 1127 diu
871 1085 986 1127 vixit
1016 1084 1133 1127 Ptin.
1167 1085 1193 1127 l.
1226 1098 1260 1129 0.

297 1157 401 1200 651³
433 1155 687 1211 Stephanus,
721 1153 920 1196 Caesaris
952 1168 1125 1196 servus:
1158 1154 1248 1196 eius
1278 1153 1601 1210 supellectilem,
1634 1168 1732 1196 cum
1762 1155 1844 1197 iter
1872 1154 2035 1198 faceret
2062 1155 2108 1197 in

382 1224 564 1278 Iudaea,
616 1223 890 1279 diripuerunt
928 1222 1153 1276 ¹latrones;
1200 1237 1330 1279 quam
1377 1237 1468 1265 rem
1512 1222 1707 1278 graviter
1754 1229 2006 1279 persecutus
2045 1229 2110 1267 est

388 1292 654 1348 (Ventidius)
686 1291 908 1334 Cumanus
940 1297 1192 1348 procurator
1218 1291 1382 1346 Ioseph.
1406 1295 1492 1336 ant.
1514 1294 1583 1343 20,
1604 1292 1642 1342 5,
1663 1294 1702 1342 4,
1736 1291 1829 1334 bell.
1848 1295 1892 1343 2,
1913 1294 1985 1343 12,
2005 1295 2049 1336 2.

295 1363 378 1405 652
411 1361 677 1418 Stephanus:
710 1361 801 1402 eius
832 1360 988 1403 balnea
1018 1361 1063 1402 in
1094 1360 1213 1415 urbe,
1256 1375 1391 1417 prope
1421 1360 1596 1402 domum
1625 1359 1838 1403 Martialis
1868 1359 1933 1414 (in
1961 1360 2106 1416 Quiri-

381 1430 486 1485 nali)
520 1430 748 1472 Martialis
778 1433 844 1480 11,
875 1431 945 1480 52,
976 1432 1016 1472 4.
1052 1432 1117 1480 14,
1149 1432 1217 1471 60.

295 1500 376 1543 653
409 1499 666 1555 Stephanus,
699 1498 882 1540 libertus
913 1497 1001 1540 Dio
1032 1501 1100 1549 67,
1129 1500 1183 1541 15
1213 1498 1336 1553 (Zon.
1362 1501 1428 1548 11,
1460 1498 1542 1552 19),
1575 1497 1825 1541 Domitillae
1855 1505 2108 1555 procurator

381 1568 496 1612 Suet.
526 1567 652 1610 Dom.
674 1570 740 1618 17,
773 1581 868 1609 cum
905 1568 1243 1623 interceptarum
1271 1567 1553 1622 pecuniarum
1585 1582 1684 1609 reus
1715 1573 1829 1609 esset
1847 1566 1974 1619 Suet„
2006 1582 2108 1610 con-

381 1637 531 1679 iuratis
563 1638 606 1678 in
627 1637 924 1679 Domitianum
958 1651 1134 1692 operam
1165 1651 1283 1679 suam
1317 1635 1473 1679 obtulit
1501 1636 1572 1687 ib„
1605 1636 1650 1678 in
1680 1636 1977 1678 Domitianum
2009 1651 2106 1679 con-

379 1706 540 1748 iuravit
560 1705 647 1747 Dio
668 1708 734 1756 67,
761 1707 824 1760 15,
849 1706 1100 1761 primusque
1127 1719 1224 1747 eum
1247 1704 1495 1747 vulneravit
1514 1703 1628 1747 Suet.
1651 1704 1677 1747 l.
1700 1718 1733 1748 c.
1755 1704 1869 1760 (inde
1898 1704 2001 1751 Vict.
2022 1703 2106 1761 11),

377 1774 464 1817 Dio
505 1778 569 1824 67,
611 1777 677 1817 17.
719 1777 774 1817 18
814 1774 936 1829 (Zon.
968 1777 1043 1824 11,
1079 1773 1163 1825 19),
1200 1774 1503 1816 Domitianum
1545 1772 1961 1824 interfecit-Polemo.
2001 1772 2104 1818 Silv.

378 1843 463 1898 (ap.
486 1843 682 1887 Momms.
715 1843 856 1885 chron.
887 1843 986 1885 min.
1008 1843 1043 1885 I
1057 1857 1103 1897 p.
1125 1842 1241 1897 520),
1275 1842 1429 1887 Zosim.
1460 1846 1499 1893 1,
1531 1845 1568 1886 6.
1630 1842 1730 1898 Ipse
1760 1856 1933 1898 quoque
1962 1842 2106 1886 statim

379 1911 631 1953 interfectus
662 1911 751 1954 Dio
782 1915 847 1962 67,
878 1915 935 1953 17
962 1911 1083 1967 (Zon.
1117 1911 1144 1954 l.
1175 1911 1241 1968 6.).

308 2006 360 2009 -
406 1981 456 2024 L.
488 1979 726 2035 Aurel[ius]
761 1979 1024 2037 Step[hanus
1036 1980 1088 2035 ἦ.
1201 1989 1207 1995 “

292 2049 375 2091 654
407 2049 649 2104 Stertinius,
672 2048 954 2105 philosophus
977 2049 1150 2092 Stoicus
1170 2048 1327 2091 Horat.
1349 2052 1428 2091 sat.
1448 2052 1490 2099 2,
1515 2053 1555 2100 3,
1577 2052 1642 2094 33.
1665 2052 1752 2093 296
1761 2063 1775 2101 ,·
1796 2064 1858 2104 ep.
1874 2053 1913 2100 1,
1934 2051 2006 2099 12,
2029 2051 2101 2099 20,

377 2118 451 2172 qui
469 2117 596 2160 CXX
616 2117 748 2160 libros
772 2118 1017 2161 Stoicorum
1038 2117 1193 2160 Latine
1214 2117 1387 2173 scripsit
1407 2116 1711 2161 Pseudo-Acro
1732 2118 1791 2161 ad
1809 2132 1872 2173 ep.
1894 2120 1931 2168 1,
1953 2119 2025 2168 12,
2045 2117 2104 2160 20

374 2185 467 2240 (om.
500 2186 739 2241 Porphyr).

291 2254 374 2296 655
407 2253 650 2309 Stertinius,
685 2255 758 2311 qui
792 2255 964 2311 scripsit
994 2254 1048 2296 de
1078 2261 1169 2296 arte
1199 2254 1415 2297 rhetorica
1440 2254 1616 2309 Quintil.
1648 2256 1744 2298 inst.
1774 2258 1813 2306 3,
1845 2257 1884 2305 1,
1915 2257 1985 2298 21.

290 2321 372 2364 656
404 2322 635 2365 Stertinius
667 2324 902 2380 (Στερνίτιος
941 2323 1028 2365 cod.
1069 2322 1194 2378 Vat),
1235 2329 1496 2365 memoratur
1535 2338 1623 2366 una
1663 2338 1760 2365 cum
1799 2323 1932 2366 Lusio
1972 2321 2098 2378 Lupo

376 2390 523 2445 (supra
543 2392 582 2433 L
599 2394 695 2441 324,
718 2392 796 2434 abi
812 2391 885 2446 cf.)
906 2407 932 2433 a
955 2392 1019 2434 M.
1037 2391 1243 2434 Antonin.
1267 2393 1322 2438 εἰς
1343 2391 1481 2435 ἑαυτόν
1504 2395 1572 2443 12,
1590 2395 1652 2435 27
1660 2405 1673 2443 ,·
1696 2392 1813 2434 Baiis
1835 2389 2019 2446 degebat
2039 2389 2096 2433 ib.

290 2459 371 2501 657
402 2460 451 2502 L.
485 2460 716 2503 Stertinius
748 2461 826 2515 (sic
858 2475 896 2505 a.
928 2465 966 2511 1,
1000 2464 1064 2511 60,
1097 2463 1327 2515 praeterea
1364 2461 1615 2515 Stertinius)
1655 2459 1790 2512 bello,
1832 2458 1949 2516 quod
1988 2457 2095 2502 Ger-

374 2529 565 2570 manicus
587 2526 685 2570 cum
706 2529 935 2573 Germanis
957 2529 1090 2583 gessit
1115 2531 1170 2583 (a.
1195 2529 1258 2571 15.
1285 2530 1368 2583 16),
1401 2528 1492 2571 dux
1523 2529 1715 2585 equitum
1747 2535 1789 2571 et
1817 2528 1927 2571 levis
1957 2541 2095 2569 arma-
2199 2555 2209 2570 ψ,

371 2602 493 2638 turae
520 2597 616 2639 Tac.
640 2612 678 2639 a.
701 2601 740 2648 1,
762 2601 828 2640 60.
850 2600 915 2640 71.
946 2601 990 2648 2,
1011 2600 1052 2640 8.
1074 2601 1140 2642 10.
1161 2601 1225 2640 11.
1248 2601 1314 2640 17.
1335 2599 1410 2641 22.
1459 2598 1669 2654 Repperit
1695 2595 1883 2653 aquilam
1912 2594 2096 2650 legionis
2171 2649 2178 2651 ⁴
2221 2611 2225 2615 ·

374 2664 718 2707 undevicesimae
742 2681 839 2708 cum
857 2666 974 2708 Varo
996 2667 1195 2708 amissam
1217 2667 1272 2710 ib.
1294 2670 1332 2717 1,
1355 2670 1420 2709 60.
1473 2666 1743 2721 Segimerum
1764 2666 1810 2707 in
1831 2663 2094 2707 deditionem
2191 2653 2223 2700 ’ἑ

373 2733 529 2787 accipit
556 2733 612 2774 (ib.
637 2737 673 2783 1,
699 2737 762 2778 71.
813 2734 1111 2790 Ampsivarios
1142 2733 1416 2789 (Agrivarios
1447 2734 1592 2789 codex)
1624 2734 1782 2776 subicit
1811 2733 1869 2776 ib.
1894 2736 1938 2783 2,
1959 2735 2035 2776 22.

287 2799 369 2841 658
402 2799 453 2852 Q.
487 2800 732 2855 Stertinius,
764 2802 956 2844 medicus
987 2803 1247 2859 principum,
1277 2809 1503 2845 contentus
1535 2802 1589 2845 ab
1619 2803 1679 2844 eis
1710 2803 1931 2858 quingena
1958 2798 2094 2843 millia

371 2882 514 2910 annua
553 2870 769 2925 accipere,
814 2885 909 2912 cum
940 2885 1116 2913 sescena
1147 2872 1185 2913 ei
1216 2885 1239 2912 e
1268 2878 1451 2927 quaestu
1482 2870 1601 2914 urbis
1636 2870 1819 2913 fuissent
1848 2868 1965 2912 Ptin.
1986 2867 2027 2912 h.
2047 2882 2091 2911 n.

370 2939 440 2985 29,
475 2939 510 2978 7.
571 2938 724 2979 Frater
754 2939 845 2981 eius
885 2938 1079 2981 medicus
1109 2938 1281 2982 Claudii
1313 2940 1419 2995 (sine
1450 2939 1577 2982 dubio
1614 2938 1660 2982 O.
1693 2938 1924 2982 Stertmius
1952 2937 2091 2981 Xeno-

367 3003 496 3057 phon,
530 3005 646 3058 infra
675 3020 715 3049 n.
742 3006 862 3060 667),·
903 3019 993 3049 una*
1019 3022 1119 3050 cum
1145 3007 1226 3050 hoc
1260 3007 1486 3064 Neapolim
1520 3008 1772 3060 exornavit3
1803 3005 1979 3063 reliquit
2004 3020 2091 3049 una

371 3086 465 3112 cum
499 3072 629 3114 fratre
658 3076 899 3117 sestertium
931 3083 996 3118 ter
1026 3077 1185 3119 centies
1216 3076 1334 3119 Ptin.
1363 3080 1433 3127 29,
1464 3079 1504 3118 8.

283 3137 367 3179 659
397 3145 440 3181 L.
473 3146 767 3184 sTER'rmrvs
807 3150 987 3186 Avrrvs
1030 3145 1106 3199 (eie
1136 3145 1262 3187 XIV
1282 3147 1387 3195 245,
1431 3144 1662 3187 Stertinius
1702 3142 1928 3186 Martialis
1961 3142 2033 3185 lib.
2062 3144 2089 3184 9

360 3208 520 3259 praefi,
552 3207 710 3251 Avitus
741 3210 849 3252 idem
880 3212 996 3262 alibi,
1030 3245 1039 3254 .
1059 3213 1210 3255 ...ius
1241 3212 1397 3255 Avitus
1428 3212 1528 3267 dipl.
1550 3211 1670 3267 mit).
1719 3210 1993 3254 Clarissimus
2019 3212 2088 3254 vir

371 3273 596 3316 Martialis
627 3291 686 3330 ep.
711 3281 735 3319 9
757 3280 902 3332 praef.
950 3279 1112 3322 Consul
1143 3281 1237 3323 suff.
1270 3281 1314 3323 k.
1337 3281 1439 3324 Mai.
1473 3296 1508 3323 a.
1532 3280 1587 3323 92
1618 3295 1717 3322 cum
1737 3279 1805 3321 Ti.
1828 3279 1936 3322 Iulio
1958 3279 2086 3323 Celso
2153 3293 2198 3333 „c-

371 3340 651 3384 Polemaeano
679 3343 758 3385 XI
764 3345 803 3386 V
814 3349 921 3397 245;
952 3347 1053 3401 dipl.
1084 3348 1171 3392 mil.
1194 3349 1282 3391 III
1298 3363 1343 3403 p.
1365 3351 1458 3392 858.
1510 3348 1689 3391 Amicus
1710 3346 1923 3390 Martialis
1946 3347 2084 3392 Mart.
