2242 3672
283 265 580 303 THEODOTvs
1144 255 1227 300 312'
1814 266 2090 305 THERMVSA

368 400 493 440 novis
523 396 776 449 studentem,
809 394 1115 437 interfecerant
1144 393 1410 451 temporibus
1437 393 1624 438 Gallieni
1651 390 1919 441 continuator
1934 397 2093 443 Dionis

367 465 469 518 (exo.
502 465 608 514 Vat„
640 463 730 505 Dio
760 463 822 505 ed.
853 462 1054 516 Dindorf
1078 462 1119 505 V
1131 477 1179 517 p.
1201 462 1321 517 220).

285 535 361 576 121
393 532 652 582 Theodotus,
674 546 782 586 puer
804 536 852 572 ut
872 530 1048 572 videtur
1068 529 1291 585 delicatus,
1319 531 1442 573 cuius
1464 545 1610 574 amore
1630 539 1783 590 captus
1804 534 1865 577 M.
1886 534 2092 579 Aurelius

367 600 630 654 adulescens,
665 598 944 641 nihilominus
975 613 1073 641 eum
1103 613 1190 641 non
1224 600 1366 655 tetigit
1396 601 1679 654 (memoratur
1708 618 1796 646 una
1825 618 1925 647 cum
1953 604 2092 648 Bene-

365 668 498 722 dicta)
531 668 597 710 M.
629 667 788 711 Anton.
817 668 871 714 εἰς
901 666 1039 710 ἑαυτόν
1069 670 1108 718 1,
1141 671 1206 710 17.
1813 664 1816 669 ’

292 761 350 766 -
393 735 530 777 Iulius
560 735 822 778 Theodotus.

283 805 362 846 122
392 803 657 858 Theogenes,
690 802 1031 858 mathematicus,
1065 818 1195 860 quem
1221 802 1431 847 Octavius
1461 820 1570 861 puer
1589 806 1847 863 Apolloniae
1876 808 2094 853 consuluit

364 871 481 914 Suet.
503 871 615 926 Auy.
637 874 703 914 94.

282 941 361 982 123
391 945 627 994 THEONIS,
670 940 735 985 Ti.
769 936 940 983 Claudii
981 941 1186 983 Hermiae
1218 941 1367 996 (supra
1403 941 1441 985 G
1469 944 1568 998 709)
1600 941 1826 987 clarissimi
1864 945 1949 987 viri
1988 945 2089 1002 filia,

363 1007 429 1051 Ti.
471 1007 643 1051 Claudii
683 1009 915 1051 Dracontis
960 1008 1187 1051 clarissimi
1226 1010 1310 1051 viri
1357 1025 1479 1053 soror
1519 1013 1547 1053 t.
1587 1010 1802 1065 Ephesius
1843 1011 1983 1056 Greek
2025 1014 2092 1057 in·

362 1077 588 1131 scriptions
616 1076 662 1118 in
692 1076 758 1119 the
787 1076 956 1119 British
986 1077 1186 1119 Museum
1214 1077 1304 1120 III
1317 1092 1366 1132 p.
1387 1080 1472 1121 200
1501 1092 1542 1121 n.
1563 1078 1763 1123 DLXJI.

282 1145 362 1187 124
392 1144 699 1201 Theophanes,
742 1145 980 1201 Bithynus,
1023 1145 1114 1188 dux
1144 1144 1344 1188 factionis
1376 1147 1489 1202 eius,
1533 1162 1646 1204 quae
1688 1148 1744 1202 (a.
1774 1149 1856 1192 103
1886 1149 1957 1192 vel
1991 1151 2089 1206 104)

363 1213 523 1255 Iulium
553 1213 737 1273 Bassum
767 1214 1070 1270 proconsulem
1101 1229 1225 1257 reum
1252 1214 1376 1269 fecit3
1405 1216 1498 1272 ipse
1529 1230 1733 1272 praesens
1764 1231 1911 1260 coram
1939 1225 2092 1262 senatu

361 1282 678 1324 accusationem
707 1283 877 1339 peregit
904 1282 1021 1326 Plin.
1044 1298 1107 1338 ep.
1126 1287 1166 1335 4,
1189 1287 1228 1335 9,
1250 1287 1288 1326 3.
1310 1285 1349 1328 5.
1372 1287 1438 1327 14.
1458 1287 1528 1328 20.

280 1352 359 1393 125
391 1350 688 1407 Theophanes,
719 1351 802 1406 leg.
824 1366 866 1407 p.
887 1367 928 1408 p.
950 1352 1027 1407 (sie
1045 1353 1232 1395 restituit
1253 1352 1502 1403 Mommsen,
1534 1353 1581 1396 in
1597 1352 1815 1408 plerisque
1835 1354 2095 1410 apoyraphis

363 1422 423 1461 est
451 1418 533 1473 leg.
563 1426 631 1470 ΙΡ,
664 1420 711 1461 in
739 1433 823 1462 uno
853 1419 936 1475 leg.
967 1426 1040 1474 IG,
1083 1421 1130 1463 in
1155 1435 1241 1463 uno
1271 1420 1354 1476 leg.
1386 1421 1465 1476 PB)
1487 1424 1526 1464 ·t.
1557 1421 1753 1464 Zoravae
1781 1423 1828 1465 in
1862 1423 2092 1467 Trachoni-

361 1488 446 1530 tide
471 1503 558 1542 rep.
591 1489 680 1531 III
702 1491 786 1532 125
804 1504 852 1543 p.
875 1492 958 1532 970
977 1509 1034 1525 =
1056 1489 1123 1532 01
1124 1489 1176 1533 G.
1198 1492 1306 1532 4566
1335 1509 1391 1525 =
1420 1490 1708 1546 Waddinyton
1736 1505 1778 1534 n.
1801 1493 1928 1535 2487.
1987 1490 2091 1535 Vere

361 1557 523 1612 legatus
556 1558 595 1599 si
625 1557 710 1611 fuit
746 1557 809 1613 (ut
834 1561 967 1612 putat
994 1558 1261 1611 Mommsen),
1299 1558 1460 1613 leyatus
1495 1560 1581 1614 fuit
1606 1560 1858 1614 provinciae
1882 1559 2090 1611 Arabiae,

361 1629 409 1667 ut
439 1626 696 1668 demonstrat
716 1627 877 1669 ‘mentio
909 1627 1083 1682 leyionis
1115 1628 1265 1670 tertiae
1291 1626 1555 1683 Cyrenaicae
1584 1629 1630 1670 in
1655 1627 1795 1671 eodem
1816 1631 1866 1691 t,
1889 1641 1976 1671 non
1996 1631 2095 1671 ante
2125 1658 2130 1663 -
2167 1649 2172 1654 ·
2239 1616 2242 1627 ³

362 1694 612 1748 Septimium
645 1694 865 1750 Severum,
907 1696 980 1750 qui
1017 1696 1228 1750 reyionem
1266 1695 1389 1738 illam
1409 1696 1612 1739 Arabiae
1641 1696 1806 1739 videtur
1836 1697 2094 1744 attribuisse.

361 1762 539 1806 Omnino
571 1762 758 1805 diversus
789 1764 855 1808 M
888 1764 1114 1819 Pompeius
1144 1764 1374 1807 Macrinus
1413 1765 1500 1812 νέος
1535 1765 1834 1820 Theophanes,
1876 1765 1931 1820 cf.
1960 1778 2094 1820 supra

361 1832 437 1874 sub
467 1831 543 1874 hoo
574 1831 637 1887 (P
659 1831 768 1881 475).

291 1924 348 1929 —
393 1899 458 1954 [M.
491 1899 756 1954 P]OMPEIVS
786 1901 1076 1957 MAGR1[NV]S
1107 1908 1239 1944 NEOS
1271 1908 1622 1945 THEOPHANES.

292 1993 350 1998 —
392 1968 450 2013 M.
480 1969 710 2024 Pompeius
741 1970 963 2013 Macrinus
995 1970 1295 2028 Theophanes.

282 2037 362 2078 126
392 2035 644 2093 Theophila,
668 2038 827 2080 femina
847 2054 959 2095 quae
982 2039 1152 2083 Graeca
1172 2039 1369 2082 doctrina
1396 2039 1651 2095 excellebat,
1677 2042 1918 2097 ‘promissa'
1943 2040 2094 2084 Cassio

364 2104 513 2160 (Rufo)
537 2105 737 2149 Martial.
761 2111 796 2158 7,
819 2111 885 2151 69.
941 2108 1057 2150 Num
1085 2112 1196 2151 reete
1215 2112 1395 2163 putetur
1421 2122 1531 2151 uxor
1558 2107 1711 2159 Cassii,
1741 2109 1893 2152 nescio.

282 2172 362 2215 127
394 2179 731 2229 THEOPHILVS,
774 2177 848 2231 qui
890 2182 1039 2231 postea
1070 2175 1255 2219 Sedatus
1284 2176 1500 2219 Aristides
1530 2191 1591 2219 or.
1620 2176 1792 2219 XXVI
1814 2178 1859 2232 (t.
1892 2180 1919 2220 1
1939 2192 1990 2233 p.
2011 2179 2094 2220 506

364 2240 590 2295 Dindorf).
653 2242 755 2285 Vide
784 2257 917 2298 supra
946 2245 1022 2287 sub
1055 2244 1227 2287 Sedato.

287 2309 362 2350 128
394 2308 680 2365 Theophilus,
723 2311 907 2354 Athenis
947 2312 1002 2355 ab
1043 2312 1273 2369 Areopago
1312 2312 1410 2355 falsi
1451 2313 1703 2368 damnatus,
1750 2319 1901 2355 contra
1944 2327 2093 2370 preces

367 2376 445 2419 Cn.
477 2378 647 2420 Pisonis
683 2380 782 2422 Tae.
816 2394 854 2423 a.
882 2384 925 2431 2,
956 2383 1022 2423 55.

285 2445 365 2486 129
397 2445 674 2502 Theophilus,
698 2447 811 2502 Aug.
834 2448 875 2502 l.,
907 2455 1162 2504 procurator
1182 2449 1246 2503 (in
1267 2449 1508 2505 Lycaonia)
1531 2449 1650 2493 Ball.
1673 2449 1722 2492 de
1742 2463 1923 2505 corresp.
1944 2449 2091 2495 hellen.

366 2515 474 2555 1886
492 2528 540 2567 p.
561 2517 659 2558 502.
683 2525 685 2527 ·

294 2604 351 2609 --
395 2581 646 2636 F(LAV1VS)
676 2585 965 2640 VAL(ERIVS)
997 2591 1329 2629 THEOPOMPVS
1360 2593 1616 2629 ROMANVS.

287 2649 366 2689 130
396 2648 690 2705 Theopropus‚
713 2652 919 2708 Rhodius,
943 2655 1049 2696 vicit
1070 2653 1321 2711 Olympiae3
1353 2662 1478 2712 pater
1503 2662 1748 2698 senatorum
1770 2659 1799 2698 t.
1824 2655 2094 2711 Olympiacus

369 2715 529 2758 Kaibel
562 2731 623 2770 ep.
652 2718 729 2763 Gr.
752 2723 852 2770 934,·
893 2723 947 2775 of.
980 2722 1121 2764 Hiller
1151 2736 1187 2765 v.
1216 2722 1479 2778 Gartrinyen
1509 2723 1567 2766 ad
1594 2724 1721 2766 inser.
1750 2723 1895 2766 Rhodi
1922 2737 1965 2766 n.
1996 2726 2092 2774 959,

368 2783 466 2825 item
494 2797 626 2837 supra
655 2787 730 2828 sub
768 2788 829 2833 Ti.
859 2789 1044 2832 Claudio
1077 2823 1086 2832 .
1105 2823 1114 2832 .
1134 2823 1143 2833 .
1162 2824 1171 2833 .
1191 2790 1235 2833 la
1269 2791 1517 2846 Theopropo
1547 2791 1608 2847 (G
1633 2794 1748 2842 826).

297 2874 354 2880 —
398 2857 460 2895 TI.
492 2858 737 2896 CLAVDIVS
771 2888 779 2896 .
802 2889 810 2898 .
830 2889 840 2899 .
858 2890 867 2899 .
884 2864 950 2899 LA
978 2865 1316 2903 THEOPROPVS.

298 2943 355 2948 —
396 2925 636 2962 MINVCIVS
667 2927 916 2967 THERMVS.

297 3011 354 3016 ——
397 2987 614 3030 Minucius
645 2989 872 3034 Thermus.

286 3056 359 3096 131
398 3055 649 3111 Thermusa,
681 3058 838 3101 ancilla
867 3061 1018 3104 Italica
1047 3063 1367 3119 formosissima,
1400 3081 1426 3107 a
1455 3064 1566 3107 Iulio
1590 3063 1775 3107 Caesare
1805 3063 1881 3117 (sic
1910 3063 2089 3119 Ioseph.5

371 3122 512 3165 debuit
537 3125 757 3167 nominare
776 3126 1029 3184 Auyustum)
1052 3132 1229 3174 Phraati
1251 3133 1363 3175 dono
1386 3134 1526 3188 missa,
1556 3132 1757 3175 Phraatis
1780 3133 1965 3189 primum
1994 3146 2093 3188 pae-

370 3189 461 3245 lex,
504 3191 659 3233 deinde
691 3208 820 3248 uxor,
858 3195 1110 3240 Phraatacis
1140 3207 1298 3252 mater,
1339 3202 1494 3243 marito
1524 3201 1760 3257 persuasit,
1801 3207 1850 3243 ut
1887 3199 1997 3242 filios
2035 3215 2091 3242 ex

372 3258 493 3299 iustis
539 3261 745 3303 uxoribus
789 3271 1009 3319 susceptos
1052 3268 1232 3311 Romam
1275 3270 1486 3324 mitteret,
1532 3269 1688 3311 deinde
1732 3284 1820 3311 una
1862 3283 1960 3311 cum
2001 3268 2090 3311 filio

371 3325 546 3368 Phraati
584 3328 763 3371 insidias
803 3333 931 3373 struit
960 3334 1124 3388 Ioseph.
1156 3340 1243 3378 ant.
1273 3340 1339 3388 18,
1370 3341 1413 3389 ,2,
1448 3341 1487 3380 4.
1549 3338 1723 3381 Videtur
1755 3351 1844 3379 una
1880 3350 1972 3379 cum
1993 3335 2092 3392 *silio
