2242 3672
386 398 617 442 Tiridatem
651 395 709 438 ad
735 395 953 437 Romanos
984 391 1167 434 delatum
1201 390 1342 445 ibique
1371 389 1617 441 educatum,
1640 391 1744 444 post
1770 389 1905 433 multa
1933 389 2104 446 eyreyia
2163 439 2165 441 .

381 468 501 521 facta
518 476 785 518 recuperasse
804 475 978 516 reynum
988 463 1233 515 paternum,
1266 458 1414 501 deinde
1435 471 1529 500 cum
1549 458 1665 501 omni
1671 457 1835 512 populo
1859 458 1918 502 ad
1942 457 2106 503 Christi

380 534 504 589 fidem
534 545 771 574 conversum
794 528 1131 585 (Ayathanyetus
1160 528 1234 582 qui
1263 527 1432 578 dicitur,
1462 541 1530 582 ap.
1553 527 1761 582 Lanylois
1791 526 2007 571 collection
2031 525 2103 571 ‹1oe

382 602 477 644 hist.
508 600 557 642 de
588 598 818 641 Z'Arme'nie
848 597 882 639 I
896 611 944 651 p.
966 599 1050 640 121
1071 609 1178 650 seq.;
1217 595 1363 638 Moses
1389 595 1671 639 Chorenensis
1700 595 1763 638 II
1783 609 1820 639 e.
1841 598 1908 638 73.
1941 597 2006 640 74.
2036 597 2102 638 76.
2152 597 2172 605 ”

385 673 450 712 78.
480 672 546 711 79.
575 670 644 718 82,
677 667 750 721 qui
779 665 1014 708 Tiridatem
1043 678 1182 719 reyem
1211 665 1375 719 factum
1405 677 1490 707 esse
1518 664 1671 707 statuit
1700 677 1814 706 anno
1842 662 2109 708 Diocletiani

295 268 412 304 TIRO
1158 255 1242 297 326
1321 269 1323 271 “
1655 309 1657 311 ¹
1865 257 2102 310 TITIAst
2171 292 2177 295 .
2201 265 2225 284 ‚.

381 736 523 786 tertio,
565 749 598 778 c.
629 737 712 787 82,·
747 733 982 776 Tiridatem
1013 733 1205 787 primum
1243 746 1382 788 reyem
1406 731 1702 775 Christianum
1730 731 1963 776 Armeniae
1987 730 2108 776 novit

381 805 507 847 ctiam
538 803 792 846 Sozomenus
811 802 851 846 h.
874 801 969 844 eccl.
990 804 1035 852 2,
1057 800 1114 855 8).
1169 800 1478 844 Nar-rationem
1508 800 1708 844 Zonarae
1738 804 1778 844 et
1805 799 2106 844 Armeniorum
2220 805 2232 815 '·

381 871 607 915 conciliare
635 871 774 914 studet
792 884 828 915 v.
853 869 1104 913 Gutschmid
1123 869 1329 913 Zeitschr.
1353 869 1391 912 d.
1415 869 1637 913 deutschen
1655 869 1855 924 moryenl.
1879 866 2106 913 Gesezlsch.
2191 867 2229 909 ..ἐξ

378 943 444 991 31,
475 942 587 982 1877
606 954 654 994 p.
674 941 741 982 48.

298 1010 379 1052 182
409 1014 525 1050 TIRO
557 1007 726 1062 legatus
757 1007 980 1063 (legioniS,
1020 1007 1085 1050 vel
1124 1007 1251 1050 ctiam
1277 1006 1546 1063 provinciae)
1577 1009 1606 1052 t.
1638 1020 1688 1049 en
1716 1004 1864 1050 Dacia
1890 1005 1970 1063 (vel
1994 1005 2108 1061 forte
2166 1034 2167 1041 κ

380 1091 431 1120 ea:
461 1076 632 1119 Moesia
658 1074 878 1130 inferiore)
909 1075 1114 1119 oriundus
1142 1075 1232 1119 III
1253 1075 1304 1120 S.
1332 1077 1458 1120 8048.

308 1169 367 1176 ——
392 1143 604 1187 Aemilius
635 1144 753 1189 Tiro.

310 1238 366 1243 --
406 1218 606 1256 APINIVS
637 1219 769 1257 TIRO.

308 1306 366 1313 —-
408 1287 715 1326 CALESTRIVS
746 1289 894 1327 TIRO.

308 1375 366 1382 -—
408 1350 545 1397 Iulius
576 1351 693 1395 Tiro.

310 1444 369 1452 —-
412 1426 454 1463 G.
484 1425 650 1463 IVLIVS
681 1426 799 1463 TIRO
831 1426 1162 1464 GAETVLICVS.

309 1518 367 1525 -—-
413 1494 602 1538 Sabinus
632 1490 750 1534 Tiro.

309 1587 368 1595 --
411 1563 471 1605 M.
501 1560 670 1604 Tullius
701 1560 820 1602 Tiro.

301 1631 382 1674 183
413 1631 464 1675 L
504 1631 662 1672 Tit...
683 1640 719 1671 ..·
759 1626 1006 1682 (Titulenus
1043 1626 1209 1682 supplet
1246 1626 1420 1670 Henzen
1451 1628 1685 1680 propterea
1722 1624 1835 1680 quod
1872 1623 1921 1668 id
1959 1610 2218 1689 nomen

383 1699 595 1754 reperitur
624 1699 669 1739 in
701 1697 788 1739 alio
819 1699 847 1741 t.
878 1696 1086 1739 Fanestri
1112 1695 1194 1739 XI
1215 1694 1358 1749 6238),
1391 1693 1539 1751 [proc.]
1572 1693 1686 1749 Aug.
1717 1693 1896 1737 Raetiae
1924 1691 1985 1749 e[t
2003 1691 2111 1736 Vin·
2121 1690 2216 1758 ''Jj

385 1766 578 1821 deliciae]
610 1764 834 1820 (supplevit
858 1763 1047 1818 Henzen)
1089 1766 1118 1806 t.
1146 1762 1374 1806 Fanestris
1402 1762 1484 1805 XI
1503 1764 1705 1806 6221:
1733 1760 1853 1806 Ball.
1883 1759 1980 1805 dea’
1999 1759 2111 1805 Inst.

386 1839 494 1878 1860
514 1850 563 1889 p.
585 1837 677 1878 198.

306 1905 429 1947 184.
477 1903 586 1947 ,lius
618 1903 875 1945 Titanianus
915 1900 1116 1955 (fortasse
1145 1899 1338 1956 A[ti]lius
1368 1899 1639 1954 Titanianus‚
1677 1898 1734 1953 cf.
1765 1895 1918 1942 Nicole
1937 1911 1987 1953 p.
2005 1896 2112 1953 230)

388 1975 408 2016 ὁ
441 1976 663 2030 κράτιστοςε
696 1973 788 2013 eius
820 1969 983 2013 familia
1012 1970 1068 2013 ab
1090 1968 1270 2012 Aurelio
1292 1968 1523 2011 Theocrito
1555 1966 1882 2010 commendatur
1909 1966 2113 2022 strategis

387 2042 502 2083 nomi
529 2040 802 2094 Arsinoitici,
835 2053 982 2081 mense
1011 2038 1106 2082 Iun.
1143 2038 1221 2080 158
1253 2037 1333 2093 (vel
1361 2037 1547 2092 fortasse
1577 2051 1617 2081 a.
1637 2039 1739 2087 212,
1769 2036 1810 2078 si
1836 2035 1915 2079 sub
1943 2034 2112 2079 nomm

384 2113 452 2152 τοῦ
474 2110 667 2166 ἀηττήτου
691 2109 978 2164 αὐτοκράτορος
995 2104 1243 2150 Ἀντωνείνου
1264 2107 1452 2163 εὐσεβους
1471 2104 1769 2160 intelleyendus
1785 2106 1846 2147 est
1861 2101 2112 2160 Caracalla)
2160 2097 2203 2159 ῗ

383 2191 600 2232 papyrus,
643 2190 769 2230 quam
809 2175 870 2219 ed.
910 2174 1060 2217 Nicole
1096 2188 1220 2217 revue
1261 2173 1544 2224 archeol..21‚
1575 2175 1686 2216 1893
1706 2187 1755 2227 p.
1775 2174 1880 2216 228.
1945 2169 2115 2215 Filium

386 2247 518 2300 fuisse
547 2245 680 2287 Atilii
714 2244 890 2295 Titiani,
930 2244 1006 2286 sub
1042 2243 1261 2286 Antonino
1290 2242 1372 2286 Pio
1401 2242 1656 2298 imperatore
1685 2255 1714 2284 a
1741 2243 1892 2284 senatu
1921 2238 2119 2287 damna&
2147 2238 2191 2292 {2-

388 2315 474 2369 (vit.
504 2314 580 2356 Pii
608 2317 645 2365 7,
666 2313 723 2368 3),
756 2313 931 2356 coniecit
961 2312 1097 2355 editor
1128 2311 1154 2354 l.
1186 2325 1219 2354 c.
1243 2325 1292 2366 p.
1313 2314 1411 2363 231,
1442 2311 1516 2354 vix
1543 2313 1666 2353 recte.

317 2408 371 2412 -—
417 2382 618 2425 Valerius
647 2381 918 2423 Titanianus.

306 2452 384 2493 185
416 2457 647 2492 TITEDIVS
683 2455 849 2491 LABEO
891 2449 968 2502 (sic
999 2448 1142 2491 Plinii·
1168 2448 1350 2503 optimus
1379 2447 1508 2490 codem
1535 2446 1779 2501 Bambery„
1817 2444 1954 2488 Titid-
1984 2443 2205 2489 codw22».

398 2519 552 2573 Taciti)
583 2524 779 2574 praetort,
795 2516 1040 2574 ploconsul
1072 2517 1323 2573 provinciae
1351 2515 1646 2558 Narbonensis
1666 2513 1786 2557 Ptin.
1816 2513 1857 2557 h.
1886 2527 1929 2557 n.
1952 2515 2021 2565 35,
2040 2514 2115 2562 20.

391 2586 445 2629 A.
477 2587 529 2629 19
569 2601 681 2628 uxor
712 2587 804 2627 eius
836 2584 1011 2628 Vistilia
1040 2592 1218 2642 propter
1248 2583 1562 2641 impudicitiam
1599 2582 1813 2637 relegata·
1844 2580 2015 2638 ipsique
2043 2575 2205 2646 ob-

2134 2646 2160 2679 ‘sqg
2166 2662 2185 2679 ³.

391 2655 561 2708 iectum,
595 2653 710 2710 quod
742 2654 957 2696 omisisset
986 2654 1031 2696 in
1061 2669 1157 2696 eam
1186 2667 1316 2708 agere
1346 2651 1442 2708 lege
1471 2651 1584 2694 Iulia
1613 2650 1668 2693 de
1696 2649 1920 2694 adulteriis
1950 2649 2050 2692 Tac.
2071 2662 2113 2694 a
2135 2673 2185 2711 45.
2224 2689 2226 2691 ,

390 2725 441 2771 2,
480 2723 547 2763 85.
613 2722 818 2764 Picturae
854 2720 1055 2764 studebat
1093 2721 1212 2766 Ptin.
1254 2721 1280 2764 l.
1323 2735 1356 2764 c.
1423 2719 1674 2764 Admodum
1712 2733 1848 2762 senex
1882 2713 2186 2782 defunctus

391 2787 535 2845 paullo
567 2795 666 2831 ante
696 2788 827 2831 Plinii
857 2795 1051 2846 tempora
1078 2790 1136 2833 ib.

322 2881 379 2887 --
421 2863 607 2898 FLAVIA
638 2864 858 2902 TITIANA.

323 2950 377 2956 -
421 2932 614 2968 MAESIA
642 2933 795 2968 FABIA
825 2933 1046 2970 TITIANA.

321 3018 377 3024 -—-
420 3000 610 3036 MAESIA
640 3001 858 3039 TITIANA.

311 3062 392 3104 186
422 3068 653 3104 TITIANVS
699 3063 848 3105 consul
891 3063 982 3107 or.d
1023 3079 1060 3106 a.
1092 3064 1175 3107 245
1217 3078 1318 3106 cum
1357 3064 1458 3120 imp.
1495 3063 1619 3107 Caes.
1660 3062 1719 3104 M.
1760 3060 1871 3104 Iulio
1910 3030 2208 3134 Pluhppo.

395 3129 464 3171 Au
562 3133 656 3172 asti.

315 3197 417 3238 1868
448 3131 656 3251 'Igltignus⁷
690 3212 819 3254 quem
845 3204 909 3239 ‘ut
930 3200 1150 3241 conscium
1171 3199 1431 3256 tyrannidis'
1457 3198 1707 3241 Hadrianus
1731 3203 1790 3239 ‘et
1815 3197 1940 3252 argui
1953 3209 2160 3254 passus

399 3270 463 3305 est
493 3271 534 3306 et
562 3265 786 3320 proscribi
812 3265 883 3307 vit.
906 3265 1047 3309 Hadr.
1069 3269 1134 3317 15,
1156 3270 1193 3309 6.
1248 3266 1453 3310 Fortasse
1483 3265 1531 3310 T.
1552 3265 1718 3308 Atilius
1746 3265 1891 3319 Rufus
1918 3247 2169 3347 Τὶὒόαποιεέ

398 3331 539 3373 consul
571 3332 657 3375 ord.
691 3346 730 3374 a.
761 3334 869 3383 127;
899 3333 951 3386 cf.
975 3337 1202 3386 praeterea
1229 3335 1306 3377 sub
1336 3334 1475 3377 Atilio
1510 3334 1692 3377 Titiano.
