2242 3672
118 290 391 328 VERGINIVS
981 288 1065 332 405
1629 293 1933 332 VERVLANVS

201 439 283 482 per
310 423 500 467 Plinium
527 440 573 468 se
599 426 828 468 excusavit
851 426 908 470 ib.
935 429 980 478 2,
1007 430 1045 477 1,
1075 429 1116 471 9.
1157 425 1340 470 Publico
1371 425 1527 469 funere
1556 425 1694 471 elatus
1714 427 1774 472 ib.
1793 429 1838 479 2,
1855 430 1896 479 1,
1912 430 1939 471 1

202 493 492 550 laudatusque
513 509 539 536 a
560 493 761 537 Cornelio
782 495 934 537 Tacito
955 494 1132 538 consule
1152 496 1209 538 ib.
1230 499 1275 546 2,
1298 498 1336 546 1,
1357 498 1397 541 6.
1436 494 1572 539 Filios
1592 495 1736 540 nullos
1761 495 1940 554 reliquit

200 561 318 605 Plin.
335 576 398 617 ep.
419 565 462 613 2,
484 565 523 614 1,
544 565 584 607 9.
598 587 648 593 -—
667 562 1000 606 Monumentum
1021 565 1112 606 eius
1135 564 1179 606 in
1201 562 1308 607 villa
1327 579 1439 621 quae
1460 565 1552 607 eius
1570 564 1714 608 fuerat
1733 564 1938 621 Alsiensi,

202 646 300 674 cum
330 632 539 688 inscripto
569 632 882 688 epigrammate
911 633 1048 689 ipsius
1069 632 1186 676 Plin.
1210 647 1274 688 ep.
1295 636 1335 684 6,
1356 636 1423 678 10.
1454 636 1494 684 9,
1516 636 1593 686 19,-
1621 633 1710 677 Dio
1731 637 1798 686 68,
1818 637 1863 680 2.
1882 659 1939 666 -

201 699 406 744 Carmina
435 699 540 743 fecit
559 700 674 745 Plin.
698 715 760 756 ep.
781 703 820 752 5,
842 704 883 752 3,
903 704 944 744 5.
972 726 1031 738 .-
1059 701 1327 745 Memoratur
1355 701 1548 745 Juvenal.
1567 705 1609 754 8,
1630 706 1734 748 221.

128 765 187 799 -’-
232 767 360 812 Celer
389 769 619 814 verianus.

126 862 185 868 -—
227 837 280 884 T.
313 837 491 881 Sextius
522 839 754 882 Verianus.

128 931 186 937 --
231 913 469 950 GAECILIA
499 913 790 951 VERISSIMA.

114 1000 187 1009 ›-
225 975 287 1021 M.
317 975 480 1019 Atilius
511 976 703 1020 Vernus.

110 1045 194 1088 285
227 1078 353 1089 .....
386 1051 590 1088 VERRES
632 1045 784 1088 consul
815 1046 950 1102 (suff.)
992 1046 1262 1103 temporibus
1297 1046 1513 1091 Hadriani
1545 1047 1662 1103 (cum
1693 1047 1747 1093 A.
1777 1048 1938 1091 Larcio

198 1114 440 1157 Macedone
483 1121 532 1157 ut
570 1114 763 1170 videtur)
809 1115 1042 1169 frustulum
1082 1119 1274 1158 aetorum
1313 1115 1503 1170 fratrum
1540 1116 1771 1160 Arvalium
1814 1116 1940 1160 semel

198 1182 456 1239 descriptum
487 1183 556 1227 VI
577 1186 741 1239 20819,
784 1185 838 1226 ab
881 1184 1080 1227 Henzeno
1112 1184 1360 1239 probaliter
1399 1186 1664 1229 coniunctum
1704 1200 1798 1229 eum
1839 1185 1942 1228 aliis

198 1252 457 1307 fraymentis
487 1252 680 1297 1712081
704 1267 812 1307 quae
836 1253 927 1295 sine
956 1253 1111 1296 idonea
1142 1267 1275 1296 eausa
1295 1267 1408 1296 anno
1429 1257 1521 1298 122
1546 1255 1696 1298 tribuit
1716 1255 1786 1311 (ef.
1806 1268 1941 1310 supra

205 1322 283 1364 sub
314 1321 370 1366 A.
393 1322 554 1364 Larcio
585 1321 851 1372 Macedone).
872 1347 931 1352 --
956 1321 1036 1365 Vix
1064 1321 1146 1365 hue
1166 1323 1357 1377 pertinet
1384 1322 1500 1366 Verr
1517 1357 1528 1366 .
1547 1356 1557 1367 .
1575 1357 1585 1367 .
1604 1357 1613 1366 .
1646 1323 1716 1367 VI
1736 1326 1884 1367 16736.

116 1391 202 1434 286
232 1390 460 1446 Veri-itus,
497 1390 591 1432 dux
620 1391 885 1445 Frisiorum,
917 1405 1005 1433 una
1034 1405 1131 1433 cum
1162 1390 1375 1447 Malorige
1405 1392 1588 1435 Romam
1617 1392 1852 1449 profectus,
1883 1391 1940 1435 ad

203 1473 332 1515 agros
364 1459 575 1517 quosdam
604 1459 913 1516 impetrandos‚
938 1475 964 1502 a
988 1460 1163 1503 Nerone
1193 1461 1370 1503 civitate
1399 1460 1588 1504 donatur
1613 1461 1713 1505 Tae.
1735 1476 1776 1504 a.
1799 1464 1867 1513 13,
1888 1464 1943 1504 54

205 1529 278 1584 (ef.
308 1542 444 1584 supra
471 1528 548 1571 sub
581 1527 829 1583 Maloriye).

124 1622 184 1629 —-
225 1597 286 1641 M.
317 1597 477 1654 Ulpius
507 1597 670 1641 Verna.
1800 1637 1803 1640 ,

111 1667 194 1711 287
226 1666 286 1710 M.
311 1667 492 1710 Verrius
523 1666 708 1709 Flaccus
740 1667 1026 1722 (praenomen
1046 1666 1242 1710 exhibent
1260 1666 1422 1710 codices
1444 1667 1703 1711 Suetoniani
1725 1668 1773 1711 in
1802 1667 1943 1711 indice

199 1735 334 1779 lihelli
354 1735 404 1779 de
430 1736 739 1791 =qrammatiois,
772 1737 873 1779 item
892 1735 1180 1791 Hieronymus
1202 1726 1261 1779 ad
1280 1751 1320 1779 a.
1343 1739 1489 1789 2024;
1510 1740 1738 1792 praeterea
1756 1737 1941 1780 Verrius

192 1804 378 1848 Flaccus
397 1805 463 1848 vel
483 1805 702 1861 Verrius),
733 1806 1057 1861 grammaticus,
1089 1805 1144 1848 de
1175 1821 1261 1863 quo
1293 1807 1383 1861 egit
1413 1805 1649 1850 Suetonius
1684 1806 1734 1849 de
1759 1813 1941 1862 yramm.

200 1888 233 1917 e.
263 1876 319 1918 17
348 1875 551 1931 (insignis
582 1874 770 1918 habetur
796 1875 1085 1930 Hieronymus
1116 1874 1175 1918 ad
1204 1889 1244 1920 a.
1275 1878 1391 1920 2024
1409 1895 1467 1911 =
1490 1890 1533 1921 u.
1565 1890 1599 1919 e.
1629 1876 1745 1932 761).
1787 1876 1941 1920 Liber-

200 1945 318 1987 tinus
356 1943 472 1988 Suet.
513 1942 719 1997 (diversus
758 1945 893 2000 iyitur
931 1944 990 1987 M.
1033 1944 1216 1988 Verrius
1256 1944 1441 1988 Flaccus
1479 1944 1538 1987 M.
1580 1945 1633 2001 fi,
1676 1944 1794 1989 tribu
1833 1945 1942 2002 Fal„

201 2013 395 2071 sepultus
438 2015 483 2056 in
524 2027 629 2069 agro
660 2013 958 2071 ‘Neapolitano
990 2013 1038 2056 X
1063 2016 1203 2056 3086‘1
1233 2014 1287 2068 cf.
1314 2017 1454 2072 3734).
1515 2013 1716 2057 Docendi
1750 2015 1942 2057 maxime

200 2097 360 2138 genere
387 2082 594 2126 inclaruit
612 2083 725 2127 Suet.
750 2082 777 2127 l.
800 2097 834 2128 e.
876 2082 1084 2125 Aemulus
1107 2084 1199 2125 eius
1220 2083 1271 2126 L.
1290 2082 1533 2126 Crassicius
1555 2083 1673 2128 Suet.
1694 2082 1745 2126 de
1759 2097 1940 2138 yramm.

178 2166 236 2195 e.
269 2155 336 2195 18.
405 2151 476 2194 Ab
513 2151 714 2207 Augusto
756 2151 989 2208 nepotibus
1036 2153 1127 2194 eius
1174 2152 1306 2207 (natis
1347 2167 1386 2195 a.
1420 2155 1508 2196 734.
1552 2151 1647 2207 737)
1687 2158 1944 2210 praeceptor

202 2221 364 2264 electus
407 2222 579 2264 transiit
619 2222 663 2263 in
703 2220 922 2263 Palatium
959 2236 1059 2264 cum
1100 2227 1191 2263 tota
1231 2220 1398 2276 schola,
1443 2236 1601 2264 verum
1642 2227 1690 2264 ut
1728 2235 1784 2263 ne
1813 2236 1943 2278 quem

204 2289 391 2347 amplius
432 2289 612 2347 posthac
641 2288 905 2346 discipulum
934 2291 1148 2346 reciperet
1177 2289 1291 2333 Suet.
1324 2303 1357 2334 e.
1388 2293 1456 2335 17.
1517 2289 1712 2333 Centena
1742 2290 1943 2332 sestertia

204 2374 352 2402 annua
380 2360 550 2416 accepit
578 2358 651 2414 (ab
673 2357 891 2414 Augusto)
922 2359 979 2403 ib.
1031 2358 1233 2401 Decessit
1263 2359 1417 2401 aetatis
1448 2364 1627 2401 exactae
1658 2358 1739 2401 sub
1765 2358 1942 2402 Tiberio

205 2429 263 2473 ib.
315 2429 470 2471 Fastos
501 2443 527 2470 a
557 2443 603 2470 se
631 2427 851 2470 ordinatos
884 2427 1123 2470 Praeneste
1152 2442 1392 2470 marmoreo
1420 2428 1578 2484 parieti
1612 2428 1772 2471 incisos
1802 2427 1941 2485 publi-

205 2498 324 2541 cavit
352 2498 410 2540 ib.
443 2497 626 2553 (videtur
654 2497 703 2539 id
731 2492 881 2551 fecisse
911 2500 1010 2540 ante
1040 2511 1199 2540 annum
1231 2500 1323 2548 763,
1366 2500 1475 2540 certe
1503 2498 1595 2539 vivo
1624 2496 1839 2552 Auyusto,
1869 2496 1945 2540 sed

205 2566 419 2610 addidisse
440 2566 649 2621 quaedam
669 2567 744 2609 sub
774 2566 955 2617 Tiberio,
988 2566 1043 2620 ef.
1067 2563 1178 2610 C'IL.
1201 2566 1235 2608 I
1258 2565 1319 2610 ed.
1342 2569 1374 2609 2
1394 2580 1442 2621 p.
1463 2569 1561 2617 206,
1583 2565 1668 2621 11).
1711 2564 1943 2608 Praeneste

205 2637 389 2691 fortasse
418 2636 511 2679 ideo
542 2636 676 2691 eleyit,
709 2635 820 2690 quod
848 2636 990 2678 senior
1009 2636 1054 2678 in
1084 2648 1246 2678 secessu
1270 2634 1553 2678 Praenestino
1582 2635 1729 2690 deyere
1758 2634 1943 2686 solebat,·

201 2705 433 2748 Praeneste
459 2704 686 2747 oriundum
706 2705 839 2758 fuisse
862 2704 1039 2747 coniecit
1058 2703 1311 2758 Hirschfeld
1328 2703 1475 2749 Herm.
1495 2707 1534 2755 9,
1561 2706 1657 2747 105.
1707 2702 1943 2746 Fastorum

204 2774 355 2817 horum
373 2774 579 2829 reliquias
598 2773 682 2817 vid.
707 2772 819 2816 CIL.
841 2773 876 2816 I
899 2773 961 2818 ed.
983 2777 1015 2817 2
1039 2788 1085 2828 p.
1107 2776 1205 2817 231.
1250 2772 1417 2815 Eodem
1436 2772 1529 2816 loco
1558 2779 1704 2816 statua
1733 2772 1772 2814 ei
1801 2772 1943 2829 posita

205 2843 319 2888 Suet.
354 2843 380 2886 l.
413 2857 446 2888 o.
508 2843 693 2899 Scripsit
722 2841 879 2898 multa,
924 2843 969 2884 in
999 2842 1067 2885 his
1097 2841 1234 2885 libros
1265 2841 1320 2884 de
1349 2841 1584 2885 verborum
1612 2841 1942 2897 significatione,

207 2927 314 2970 quos
351 2913 396 2955 in
438 2913 654 2969 epitomen
695 2911 864 2966 redegit
903 2911 1131 2966 Pompeius
1170 2910 1338 2955 Festus.
1398 2910 1468 2954 De
1503 2911 1762 2966 reliquorum
1803 2909 1945 2954 Verrii

207 2982 416 3024 librorum
454 2981 648 3035 reliquiis
687 2981 772 3035 eyit
808 2980 857 3023 Ο.
899 2980 1086 3023 Mueller
1117 2980 1264 3035 praef.
1307 2979 1366 3022 ad
1403 2979 1579 3023 Festum
1610 2994 1659 3034 p.
1690 2978 1827 3022 XIII
1857 2992 1940 3034 seq.

205 3051 353 3094 Libris
391 3051 483 3092 eius
525 3049 579 3092 de
622 3048 933 3105 orthographia
963 3049 1186 3105 rescripsit
1216 3048 1471 3092 Scribonius
1498 3047 1812 3105 Aphrodisius,
1854 3062 1941 3090 non

207 3122 299 3163 sine
331 3121 615 3162 insectatione
647 3119 891 3161 studiorum
921 3132 1179 3174 morumque
1207 3118 1301 3160 eius
1334 3117 1451 3161 Suet.
1483 3131 1517 3161 e.
1547 3121 1617 3163 19.

133 3214 191 3220 --
235 3195 432 3231 ASINIVS
463 3194 645 3230 POLLIO
680 3193 1022 3231 VERRVCOSVS.

120 3259 204 3302 288
235 3266 280 3301 L.
301 3264 607 3301 VERVLANVS
640 3264 867 3299 SEVERVS
890 3257 995 3313 (tria
1013 3259 1189 3299 nomina
1220 3256 1289 3300 VI
1299 3259 1449 3307 10055,
1481 3255 1731 3299 Verulanus
1753 3255 1942 3300 Severus

214 3327 313 3372 Tae.
334 3341 374 3371 a.
396 3329 461 3378 15,
483 3329 522 3377 3,
555 3325 805 3368 Verulanus
835 3326 892 3368 ib.
924 3329 989 3376 14,
1011 3324 1099 3380 26),
1132 3324 1301 3380 legatus
1331 3324 1517 3380 legionis
1547 3325 1592 3367 iu
1620 3324 1831 3368 Armenia
1861 3324 1943 3368 sub

209 3395 459 3440 Corbulone
491 3411 529 3438 a.
551 3396 619 3438 60.
652 3396 706 3437 62
744 3394 841 3439 Tae.
873 3409 912 3439 a.
944 3397 1009 3446 14,
1040 3397 1108 3438 26.
1140 3396 1205 3445 15,
1237 3396 1275 3437 3.
1328 3393 1491 3437 Consul
1522 3393 1619 3436 suff.
1649 3407 1798 3436 mense
1826 3392 1942 3449 Aug.
