2242 3672
251 253 500 290 SVLPICIVS
1112 241 1195 283 282
1798 245 2053 283 SVLPICIVS

254 385 334 427 705
367 383 603 439 Sulpicius,
645 379 869 422 familiaris
901 377 1072 420 Claudii
1103 376 1391 419 adulescentis
1422 376 1535 422 Suet.
1568 376 1723 420 Claud.
1755 381 1795 422 4.
1854 376 2058 420 Fortasse

334 452 443 494 idem
469 450 686 504 Sulpicius
715 447 894 496 Flavus,
927 447 978 499 ef.
1010 445 1144 499 infra.

252 522 332 563 706
365 553 374 562 .
393 553 402 562 .
435 515 716 570 SVLPICIV[S]
750 547 870 568 .....
905 527 957 568 q.,
992 513 1146 568 aedi[l.,
1170 513 1252 568 leg.
1281 513 1347 555 Ti.
1372 512 1546 568 Cl]audi
1574 513 1772 556 Caesaris
1793 513 1906 568 Aug.
1937 513 2059 568 [Ger-

335 586 504 641 1na]nici
537 601 591 626 ex
622 600 640 626 s
659 617 668 626 .
690 617 698 625 .
719 617 727 625 .
747 616 756 625 .
789 586 816 624 t.
847 583 1038 624 urbanus
1069 581 1136 624 VI
1158 584 1265 624 3751
1301 602 1354 616 -——
1383 585 1528 626 31282
1555 582 1678 624 valde
1706 582 1894 625 rnutzlus.
2117 591 2120 595 “

272 681 309 684 -—
364 660 639 696 POSTVMIVS
672 657 939 694 SVLPICIVS.

251 725 330 767 707
365 723 412 766 C.
455 721 674 777 Sulpicius
715 718 980 775 Apollinaris
1028 718 1106 771 (sie
1151 718 1215 761 vel
1249 719 1398 773 potius
1435 718 1489 762 G.
1534 719 1751 776 Sulpicius
1793 717 2060 776 Apollinaris
2113 719 2117 723 '

335 791 461 833 codex
491 788 805 842 antiquissimus
837 787 1045 837 Terentii;
1076 786 1293 843 Sulpicius
1314 787 1582 843 Apollinaris
1606 787 1782 838 Gellius,
1812 788 1884 830 vit.
1916 786 2060 838 Pert.,·

335 859 552 914 Sulpicius
568 855 793 911 periochae
815 855 1095 909 Veryilianaa
1119 855 1218 897 item
1237 855 1327 898 vita
1349 856 1536 911 Veryilii,
1556 858 1656 899 item
1674 856 1802 900 schol.
1828 855 1976 899 Veron.
2003 853 2062 897 ad

336 928 453 981 Vcry.
474 929 511 976 9,
536 926 649 978 369).
701 923 1073 978 Carthaginiensis
1094 923 1326 978 periochae
1357 923 1648 980 Veryilianae;
1675 925 1748 968 vit.
1772 923 1962 981 Jeryz‘lii
1989 937 2059 977 ap.

333 993 640 1046 Reifferscheid
658 992 770 1036 Suet.
794 1007 841 1047 p.
865 996 931 1036 63.
983 992 1313 1047 Grammaticus,
1348 1008 1478 1050 quem
1505 995 1668 1037 Romae
1696 993 1867 1036 audivit
1893 991 2061 1037 Gellius

333 1063 585 1106 adulescens
606 1060 714 1105 Gell.
740 1064 777 1111 7,
796 1064 833 1111 6,
852 1064 920 1104 12.
944 1063 1007 1111 13,
1026 1063 1091 1112 18,
1107 1065 1146 1103 3.
1168 1064 1234 1112 18,
1251 1065 1344 1116 4,1.
1365 1066 1438 1113 20,
1461 1066 1497 1105 6.
1519 1067 1556 1107 1.
1608 1064 1869 1119 Praeceptor
1890 1075 2062 1118 quoque

334 1131 479 1173 Helvii
497 1130 736 1172 Pertinacis
752 1130 823 1171 vit.
839 1129 1054 1174 Pertinaa
1067 1133 1105 1180 1,
1120 1133 1147 1172 4
1163 1130 1280 1186 (post
1301 1145 1398 1172 eum
1419 1131 1512 1188 ipse
1528 1132 1736 1174 Pertinax
1752 1130 2062 1185 grammaticen

334 1199 551 1256 professus
573 1205 637 1240 est
656 1198 747 1252 ib).
781 1199 910 1240 Dicta
932 1199 1024 1240 eius
1046 1198 1180 1241 refert
1200 1198 1367 1242 Gellius
1385 1203 1424 1251 4,
1446 1203 1512 1251 17,
1533 1204 1599 1243 11.
1629 1204 1667 1251 7,
1687 1203 1725 1251 6,
1747 1202 1816 1244 12.
1847 1202 1913 1250 11,
1933 1200 1998 1253 15,
2019 1199 2061 1241 8.

332 1272 401 1318 12,
423 1271 487 1312 13.
518 1270 583 1318 13,
604 1269 676 1310 20.
704 1269 770 1317 16,
792 1268 831 1317 5,
857 1269 896 1309 5.
930 1269 997 1317 18,
1020 1270 1059 1309 4.
1090 1270 1155 1318 19,
1176 1270 1243 1318 13,
1263 1271 1302 1311 3.
1334 1271 1405 1319 20,
1427 1271 1465 1311 6.
1527 1268 1693 1311 Aderat
1728 1266 1918 1322 Gellius,
1961 1280 2061 1309 cum

333 1336 602 1379 fabularetur
641 1342 759 1377 stans
801 1336 842 1377 in
887 1335 1054 1378 foribus
1087 1336 1240 1379 Palatii
1285 1352 1372 1379 una
1405 1352 1504 1380 cum
1533 1337 1734 1381 Cornelio
1769 1337 1990 1379 Frontone
2019 1340 2063 1377 et
2104 1345 2107 1347 “

334 1405 554 1448 Postumio
586 1405 713 1446 Festo
742 1403 851 1446 Gell.
873 1407 940 1455 19,
963 1407 1028 1455 13,
1052 1408 1089 1460 1,
1124 1420 1223 1448 cum
1254 1406 1536 1463 responderet
1566 1406 1707 1461 (Sex.)
1738 1405 1899 1448 Erucio
1931 1403 2061 1448 Claro

336 1473 550 1530 praefecto
584 1472 680 1515 urbi
711 1473 768 1516 ib.
801 1476 840 1523 7,
872 1475 908 1527 6,
943 1476 1010 1524 12,
1053 1474 1127 1530 qui
1169 1475 1298 1516 etiam
1327 1490 1405 1531 per
1434 1474 1600 1517 litteras
1631 1489 1729 1517 eum
1759 1472 1976 1516 consuluit
2003 1472 2061 1515 ib.

336 1545 401 1592 13,
432 1544 471 1592 8,
503 1545 546 1584 2.
606 1540 904 1597 Reprehendit
935 1540 1195 1584 Caesellium
1226 1542 1456 1585 Vindicem
1481 1542 1594 1586 Gell.
1622 1546 1665 1594 2,
1697 1546 1762 1593 16,
1790 1544 1819 1584 8
1848 1555 1930 1596 seq.
1993 1540 2061 1583 ‘In

341 1610 526 1666 quadam
557 1608 744 1665 epistula
775 1610 983 1666 scriptum
1013 1610 1204 1667 reliquit’
1234 1611 1289 1654 ib.
1322 1614 1387 1664 15,
1418 1613 1457 1662 5,
1487 1614 1526 1654 3.
1567 1611 1810 1666 Vergilium
1839 1609 2065 1653 adnotavit

335 1677 459 1720 schol.
485 1677 631 1720 Veron.
656 1677 714 1720 ad
738 1677 856 1732 Very.
878 1678 987 1721 Aen.
1009 1682 1049 1729 9,
1070 1682 1165 1721 369.
1216 1678 1287 1722 Ab
1318 1694 1367 1721 eo
1390 1681 1651 1737 compositae
1680 1678 1910 1736 periochae
1939 1675 2061 1720 fabu-

336 1746 474 1788 larum
502 1746 863 1788 Tcrentianarum
899 1761 1011 1803 quae
1047 1754 1197 1790 extant
1238 1748 1399 1793 Terent.
1435 1748 1497 1791 eol.
1538 1747 1826 1803 Umpfenbaeh
1852 1762 1900 1802 p.
1928 1748 1965 1790 3.
1993 1747 2062 1787 89.

336 1817 416 1857 185
436 1817 509 1857 eet.
563 1815 649 1857 Hic
674 1818 723 1857 ut
746 1815 910 1857 videtur
932 1815 1152 1872 Sulpicius
1183 1816 1568 1872 Carthaginiensis,
1601 1818 1723 1860 cuius
1754 1821 1906 1859 extant
1933 1814 2063 1857 hexa-

337 1883 492 1934 sticha,
534 1884 560 1927 i.
594 1898 629 1927 e.
661 1884 890 1940 periochae
930 1899 1082 1927 senum
1121 1900 1327 1928 versuum
1366 1886 1574 1929 Aeneidis
1615 1900 1684 1941 ap.
1725 1885 1851 1928 Riese
1889 1880 2062 1926 Anthol.

337 1952 435 1995 Lat.
456 1965 497 1993 n.
513 1955 594 1997 673
615 1973 670 1987 =
688 1952 909 1995 Baehrens
930 1953 1047 1996 Poet.
1070 1955 1169 1997 Lat.
1190 1955 1292 1998 min.
1312 1959 1340 1998 4
1361 1970 1408 2010 p.
1430 1958 1522 2006 169,
1556 1956 1657 1997 item
1678 1969 1830 1997 versus
1855 1952 1909 1995 de
1927 1951 2062 1995 Vario

338 2027 379 2061 ct
403 2020 548 2061 Tucca
581 2020 696 2063 Suet.
728 2021 789 2065 ecl.
817 2020 1128 2073 Reifferscheid
1148 2038 1196 2077 p.
1223 2027 1279 2066 63
1310 2023 1472 2078 (Servio
1505 2023 1617 2067 Varo
1649 2022 1800 2065 tributi
1827 2021 1885 2063 ib.
1907 2034 1956 2076 p.
1977 2020 2062 2072 54).

335 2089 401 2142 Cf.
427 2088 470 2131 G.
494 2089 551 2133 R.
577 2089 700 2143 epae
721 2090 864 2144 Leipe.
895 2090 1072 2134 Studien
1101 2105 1179 2135 zur
1209 2092 1330 2135 class.
1358 2093 1599 2147 Philoloyie
1626 2095 1662 2143 6,
1685 2093 1795 2134 1883
1815 2105 1864 2145 p.
1883 2091 1963 2132 195
1980 2102 2063 2142 seq.

253 2157 334 2199 708
367 2163 616 2199 SVLPICIVS
643 2164 980 2214 ARRENIANVS,
1014 2159 1182 2214 legatus
1212 2160 1393 2215 legionis
1425 2161 1505 2203 sub
1534 2161 1670 2203 Basso
1702 2158 1929 2216 Pomponii
1959 2156 2061 2208 filio,

338 2226 535 2281 praeside
557 2226 758 2282 Moesiae,
793 2234 835 2269 et
866 2226 982 2269 hunc
1006 2228 1163 2271 detulit
1192 2236 1236 2271 et
1261 2229 1367 2272 alios
1389 2229 1613 2286 quosdam,
1646 2227 1911 2285 temporibus
1933 2225 2068 2269 Cara·

337 2293 494 2347 callae3
546 2294 641 2337 ideo
682 2311 720 2337 a.
761 2296 843 2339 217
881 2297 925 2337 in
964 2296 1152 2339 insulam
1192 2297 1409 2353 relegatus
1449 2298 1538 2341 Dio
1578 2300 1646 2348 78,
1686 2300 1756 2341 21.
1805 2295 1916 2338 'Aut
1953 2294 2066 2337 idem

337 2362 406 2415 qui
434 2363 632 2416 sequitur,
665 2363 824 2406 seilicet
851 2365 1069 2407 restitutus
1098 2366 1152 2408 ab
1183 2365 1447 2421 Elayabalo,
1481 2369 1556 2408 aut
1577 2368 1707 2421 pater
1734 2365 1836 2408 eius.
2067 2390 2071 2391 ν

255 2429 336 2471 709
367 2435 408 2472 C.
442 2437 695 2473 SVLPICIVS
726 2438 1052 2475 ARRENIANVS
1085 2433 1348 2477 clarissimus
1378 2436 1468 2490 vir,
1501 2440 1710 2491 patronus
1742 2433 2061 2476 Canusinorum

337 2512 448 2540 anno
480 2500 563 2541 223
593 2500 792 2543 ΙΧ-338.

254 2566 336 2607 710
368 2565 585 2622 Sulpicius
616 2567 768 2624 Asper,
801 2570 996 2612 centurio
1018 2572 1327 2627 praetorianus,
1360 2586 1397 2613 a.
1420 2572 1474 2614 65
1506 2573 1551 2614 in
1570 2571 1790 2614 Neronem
1819 2569 2070 2613 coniuravit

345 2634 441 2678 Tae.
469 2649 508 2678 a.
531 2638 595 2686 15,
617 2640 683 2680 49.
705 2640 771 2687 50,
802 2637 890 2680 Dio
919 2642 987 2694 62,
1010 2643 1080 2683 24.
1141 2640 1327 2682 Detecta
1357 2641 1654 2683 coniuratione
1683 2639 1853 2682 fortiter
1880 2644 2064 2682 mortem

341 2702 446 2745 obiit
481 2704 578 2746 Tae.
611 2719 643 2749 e.
677 2709 752 2757 68;
781 2706 870 2749 Dio
901 2707 927 2750 l.
960 2721 993 2751 e.
1199 2760 1202 2763 y

269 2794 325 2799 —
368 2771 418 2812 L.
450 2771 638 2814 Tutilius
670 2774 895 2829 Lupercus
927 2775 1143 2833 Sulpicius
1175 2776 1348 2821 Avitus.

258 2837 334 2879 711
370 2838 429 2880 M.
449 2839 665 2895 Sulpicius
687 2842 858 2898 Bassus,
882 2845 1044 2886 amicus
1065 2845 1115 2887 L.
1137 2844 1267 2886 Nonii
1287 2844 1543 2901 Asprenatis
1564 2845 1812 2901 septemviri
1834 2843 2063 2901 epulonum

341 2906 541 2959 (fortasse
574 2909 755 2951 consulis
786 2925 824 2953 a.
845 2927 892 2965 p.
923 2912 1027 2955 Chr.
1049 2916 1087 2964 6,
1118 2926 1251 2968 supra
1284 2913 1336 2956 N
1358 2915 1430 2968 93)
1462 2914 1530 2957 VI
1551 2916 1675 2957 2156.

258 2973 339 3014 712
372 2980 414 3024 Q.
450 2981 700 3018 SVLPICIVS
743 2984 1031 3023 CAMERINVS
1065 2982 1170 3035 (tria
1197 2983 1372 3025 nomina
1401 2985 1548 3025 extant
1580 2983 1627 3025 in
1656 2983 1784 3037 fastis
1811 2981 2066 3037 Capitolinis

345 3045 383 3083 et
405 3042 528 3096 alibi)
551 3043 603 3096 Q.
621 3044 662 3099 f.,
687 3045 739 3097 Q.
759 3061 798 3090 n.
821 3048 927 3100 fasti
948 3048 1053 3103 Cap.
1077 3051 1242 3104 (patris
1260 3065 1410 3094 nomen
1421 3052 1549 3106 ponit
1569 3052 1696 3093 etiarn
1715 3049 1804 3093 Dio
1823 3049 1911 3094 ind.
1935 3049 1961 3094 l.
1979 3049 2063 3103 56),

345 3110 492 3151 consul
515 3111 604 3153 ord.
630 3127 666 3154 a.
689 3128 729 3168 p.
755 3113 855 3156 Chr.
878 3117 903 3157 9
927 3131 1025 3158 cum
1047 3117 1095 3160 C.
1113 3120 1315 3175 Poppaeo
1338 3119 1499 3162 Sabino
1521 3119 1639 3173 fasti.
1658 3143 1710 3149 —-
1732 3119 1947 3161 Incertum
1966 3130 2070 3160 num

342 3177 409 3218 hie
441 3177 704 3235 Camerinus,
739 3188 864 3236 poeta
895 3185 1052 3239 epicus,
1086 3201 1216 3241 quem
1245 3193 1455 3229 memorat
1484 3187 1658 3230 Ovidius
1689 3201 1739 3229 ex
1767 3186 1819 3231 P.
1850 3189 1890 3237 4,
1916 3188 1978 3236 16,
2001 3187 2065 3228 19.

259 3245 341 3286 713
372 3252 414 3295 Q.
449 3253 698 3289 SVLPICIVS
730 3254 1016 3293 eAMEfflst
1050 3254 1311 3310 (PYTfflcvs
1323 3255 1379 3310 ?).
1429 3255 1485 3297 In
1513 3255 1735 3298 consulatu
1765 3254 1818 3307 Q.
1849 3253 2065 3310 Sulpicius

345 3312 598 3357 Camerinus
631 3315 806 3361 V5050.
841 3344 892 3348 ——
924 3319 1177 3364 Camerinus
1206 3323 1403 3379 Plinius,
1447 3323 1667 3380 Sulpicius
1699 3323 1953 3366 Camerinus
1984 3316 2076 3366 act.
