2242 3672
126 261 377 326 VALERIVS
993 284 1076 328 371
1694 291 1948 329 VALERIVS

203 435 316 465 anno
353 424 438 464 725
483 421 619 463 alium
662 421 877 465 Valerium
931 423 1187 466 Messallam
1232 423 1455 472 Potitum).
1533 423 1773 466 Proconsul
1818 423 1950 466 Asiae

210 493 237 534 t.
263 490 514 546 Maynesiae
536 490 594 532 ad
612 490 806 545 Sipylum
825 506 926 546 rep„
951 507 1020 546 ap.
1043 493 1512 548 Lebas-Waddinyton
1532 496 1678 536 1660‘1.
1722 493 1790 548 Cf.
1820 493 1949 537 Wad-

211 558 386 613 dinqton
415 559 549 612 fastes
579 558 650 601 des
671 573 795 613 prov.
829 559 955 602 asiat.
987 574 1029 602 n.
1050 563 1121 610 52.
1182 560 1388 604 Fortasse
1417 561 1486 604 hic
1517 561 1576 604 M.
1605 561 1809 604 Valerius
1839 562 1952 604 Mes-

212 627 321 670 salla
361 626 453 680 (sed
490 627 652 670 nullum
694 627 869 671 honoris
911 629 1162 672 vocabulum
1208 630 1414 687 additur),
1462 637 1606 674 statua
1649 631 1885 674 honoratus
1926 646 1952 672 a

214 697 497 752 Pergamenis
527 700 558 739 t.
590 696 881 752 Peryamenus
910 712 980 752 ap.
1001 698 1195 741 Frankel
1215 699 1380 742 Inschr.
1402 714 1438 742 v.
1462 699 1587 755 Pery.
1609 714 1650 743 n.
1672 704 1766 743 417.
1813 699 1951 754 Quin-

212 765 425 808 decimvir
455 766 588 807 sacris
619 765 860 821 faciundis3
892 765 1044 809 aderat
1073 768 1207 809 sacris
1236 768 1533 812 saecularibus
1564 785 1603 811 a.
1637 769 1718 812 737
1751 772 1832 814 act.
1862 769 1948 812 lud.

211 848 318 878 saec.
340 859 399 865 —
413 835 531 878 Vina
552 835 766 891 quaedam
789 850 926 892 prope
943 837 1234 880 Grumentum
1250 837 1473 880 Lucaniae
1493 840 1718 881 nascentia
1737 837 1951 880 Messalae

209 904 341 947 Potiti
373 902 511 946 salute
542 902 758 946 illustrata
789 903 985 958 (videtur
1007 919 1105 947 cum
1139 907 1183 947 in
1211 905 1414 948 morbum
1442 906 1667 949 incidisset
1696 913 1795 962 post
1821 906 1950 949 huius

213 974 304 1016 vini
336 987 464 1015 usum
493 972 785 1027 convaluisse)
808 971 927 1018 Plin.
952 973 992 1018 h.
1013 988 1057 1016 n.
1077 977 1142 1025 14,
1164 977 1230 1018 69.
1288 974 1392 1017 Alia
1422 976 1526 1017 vina
1557 976 1673 1018 circa
1703 975 1950 1018 Messanam

210 1042 359 1097 genita
388 1040 444 1084 ab
476 1056 526 1084 eo
567 1047 615 1084 ut
644 1041 819 1084 videtur
849 1043 1068 1085 Potitiana
1105 1042 1339 1096 (Potulana
1379 1044 1590 1096 traditur,·
1631 1046 1816 1087 correxit
1844 1044 1949 1088 Det-

210 1110 360 1166 lefsen)
392 1110 509 1153 dicta
539 1111 596 1153 ib.
627 1114 693 1162 14,
727 1114 791 1154 66.
851 1110 1058 1154 Fortasse
1087 1112 1156 1154 hic
1187 1112 1356 1155 Potitus
1388 1112 1466 1167 (sic
1494 1127 1606 1167 pars
1638 1114 1838 1165 codicum,
1872 1113 1952 1156 alii

210 1180 382 1235 Pitius),
426 1181 550 1222 cuius
581 1183 804 1236 κηπουρικά
835 1180 1035 1223 adhibuit
1067 1180 1237 1223 Plinius
1267 1180 1379 1223 libro
1407 1181 1522 1224 XIX
1554 1182 1672 1226 Plin.
1694 1183 1734 1225 h.
1755 1197 1798 1227 n.
1819 1186 1858 1234 1,
1881 1185 1948 1226 19.

208 1247 353 1292 Huius
368 1252 418 1291 ut
432 1248 598 1292 videtur
612 1262 758 1291 servus
770 1249 1006 1305 Tyrannus
1023 1249 1278 1292 nomenclat.
1298 1250 1430 1292 Potiti
1443 1250 1670 1294 Messallae
1691 1251 1759 1294 VI
1768 1255 1891 1294 9700.
1907 1283 1951 1288 -

209 1317 343 1360 Pater
372 1318 424 1360 L.
457 1317 621 1360 Valerii
648 1317 883 1359 Messallae
915 1317 1053 1360 Volesi
1082 1319 1220 1373 (infra
1249 1332 1292 1361 n.
1312 1318 1396 1370 96),
1428 1319 1483 1372 cf.
1515 1320 1591 1361 sub
1623 1320 1711 1362 hoc.

125 1388 179 1430 95
208 1394 255 1430 L.
286 1393 537 1429 VALERIVS
575 1392 844 1429 MESSALLA
881 1392 1118 1428 THRASEA
1157 1393 1374 1430 PRISGVS.
1437 1387 1512 1430 Sic
1548 1388 1671 1442 plene
1707 1387 1810 1441 (nisi
1840 1389 1952 1443 quod

210 1456 396 1499 Thrasia
417 1456 622 1499 scribitur
641 1469 728 1510 pro
750 1455 962 1510 Thrasea)
989 1456 1036 1498 in
1063 1457 1271 1499 mentione
1291 1456 1533 1500 consulatus
1553 1458 1601 1499 X
1619 1460 1742 1509 1786,
1765 1458 1951 1501 Thrasia

213 1526 387 1569 Priscus
433 1525 561 1568 XIV
587 1528 661 1576 71,
710 1525 889 1567 Priscus
927 1524 1158 1579 pleraeque
1197 1526 1427 1568 mentiones
1470 1526 1715 1569 consulatus
1755 1526 1950 1584 (Κρίσπος

209 1595 319 1650 fasti
341 1594 537 1645 Theonis,
571 1593 798 1650 Crispinus
830 1606 940 1636 cons.
972 1596 1049 1636 vet.
1081 1594 1168 1636 Icti
1195 1597 1221 1635 1
1251 1614 1308 1628 =
1339 1594 1427 1638 cod.
1458 1594 1637 1650 Greyor.
1664 1599 1707 1647 2,
1734 1599 1778 1646 2,
1805 1596 1863 1650 1).
1897 1621 1949 1624 ψ

209 1663 405 1707 Thrasea
436 1663 613 1706 Priscus
643 1662 693 1705 X
719 1664 838 1713 8059,
869 1665 941 1713 29,
984 1662 1203 1719 Θρασέα(ς)
1240 1662 1413 1719 Πρίσκος
1442 1662 1543 1714 Dio,
1587 1664 1774 1707 Thrasia
1813 1666 1950 1708 Prisc.

208 1733 357 1790 fistula
386 1733 573 1787 aquaria
604 1732 676 1787 (cf.
706 1731 860 1787 infra).
902 1731 997 1787 Vir,
1029 1730 1137 1773 nulli
1168 1731 1238 1773 vel
1268 1745 1430 1787 genere
1459 1732 1529 1775 vel
1561 1734 1704 1775 animo
1737 1733 1951 1775 secundus

210 1801 300 1845 Dio
331 1805 396 1853 77,
417 1804 444 1844 5
475 1801 578 1857 (cccc.
612 1799 736 1854 Val.).
786 1799 994 1842 Fortasse
1025 1800 1229 1843 oriundus
1260 1798 1324 1853 (ut
1355 1802 1534 1844 coniecit
1562 1801 1824 1857 Boryhesius
1856 1816 1949 1856 opp.

209 1874 248 1923 6,
277 1873 374 1922 410)
407 1871 461 1913 ab
492 1869 692 1912 Helvidio
722 1868 874 1911 Prisco
908 1869 1113 1923 huiusque
1141 1883 1285 1912 socero
1322 1869 1513 1912 Thrasea
1544 1870 1690 1921 Paeto,
1734 1871 1788 1924 cf.
1819 1884 1953 1925 supra

207 1939 283 1982 sub
315 1938 514 1982 Helvidio
544 1938 694 1980 Prisco
726 1937 799 1994 (H
819 1941 891 1994 37)
922 1938 996 1993 fin.
1044 1937 1209 1981 Consul
1241 1938 1332 1980 ord.
1353 1954 1402 1990 a.
1428 1939 1508 1981 196
1540 1954 1640 1981 cum
1672 1939 1721 1982 C.
1754 1940 1946 1981 Domitio

209 2009 378 2051 Dextro
399 2009 519 2063 fasti.
574 2006 674 2050 Cos.
702 2006 777 2062 (=
798 2007 1049 2062 consularis,
1083 2021 1139 2050 sc.
1169 2022 1382 2064 aquarum
1395 2007 1435 2062 ‘?)
1469 2008 1629 2051 Severo
1654 2015 1698 2050 et
1723 2007 1950 2051 Caracalla

209 2077 431 2133 Augustis,
466 2076 604 2120 Getae
636 2076 834 2131 Caesare,
869 2076 1135 2119 clarissimus
1166 2079 1235 2119 vir
1262 2076 1431 2131 fistula,
1472 2077 1645 2119 urbana
1683 2081 1731 2119 ut
1770 2077 1947 2128 videtur,

208 2147 325 2190 Ball.
358 2146 566 2190 comunal.
599 2148 714 2187 1888
735 2160 783 2200 p.
810 2148 905 2189 180.
961 2146 1222 2188 Interfectus
1253 2162 1278 2188 a
1310 2145 1537 2189 Caracalla
1566 2145 1655 2188 Dio
1688 2146 1714 2188 l.
1746 2160 1779 2188 c.
1842 2147 1948 2188 Eius

208 2230 362 2259 servus
393 2222 515 2258 actor
541 2215 808 2270 siynaculum
832 2214 1020 2269 Neapoli
1050 2215 1319 2257 adservatum
1349 2215 1399 2257 X
1426 2218 1548 2266 8059,
1579 2218 1652 2258 29.
1693 2215 1948 2270 (Messalam

204 2284 503 2340 proconsulem
531 2283 668 2326 Asiae
707 2287 985 2326 memoratum
1024 2284 1070 2326 in
1111 2287 1138 2326 t.
1174 2284 1349 2326 Milesio
1380 2284 1523 2326 Revue
1555 2283 1604 2326 de
1632 2283 1866 2339 philoloyie
1896 2288 1948 2328 19

203 2369 251 2408 p.
273 2356 353 2396 131
383 2353 493 2395 hunc
515 2356 648 2407 putat
677 2353 825 2404 editor,
857 2353 932 2395 sed
961 2353 1014 2407 cf.
1047 2353 1124 2395 sub
1158 2367 1204 2395 eo
1234 2354 1308 2407 qui
1333 2352 1552 2407 sequitur.)

121 2423 177 2465 96
207 2428 430 2464 VOLVSVS
452 2428 703 2464 VALERIVS
725 2428 996 2464 MESSALLA
1011 2442 1063 2456 Ξ
1084 2428 1394 2464 L.VALERIVS
1417 2428 1685 2463 MESSALLA
1706 2427 1945 2465 VOLESVS.

205 2491 396 2534 Volusus
427 2490 573 2534 Valer.
606 2490 779 2533 Messal.
804 2504 916 2545 pars
943 2505 1209 2533 nummorum
1245 2491 1331 2546 (ap.
1363 2491 1524 2532 Eckhel
1553 2493 1592 2541 5,
1623 2493 1717 2540 333,
1749 2490 1945 2534 Babelon

204 2562 423 2603 monnaz'es
444 2560 494 2602 de
515 2560 559 2602 la
578 2562 667 2615 re'p.
687 2574 794 2602 rom.
816 2561 871 2603 Il
892 2575 941 2614 p.
962 2562 1053 2603 522
1081 2575 1122 2604 n.
1145 2560 1328 2614 24-26),
1356 2559 1543 2602 Volesus
1564 2559 1756 2601 Messala
1782 2560 1879 2604 Tac.
1902 2575 1942 2601 a.

202 2632 242 2679 3,
265 2631 332 2679 68,
364 2628 552 2672 Volesus
575 2629 737 2671 Seneca
759 2629 876 2679 dial„
909 2629 1009 2670 item
1037 2632 1085 2671 ut
1104 2629 1269 2671 videtur
1292 2628 1453 2672 Seneca
1474 2632 1605 2670 contr.
1629 2628 1722 2683 (ubi
1740 2628 1943 2670 Volesuel

205 2697 394 2740 traditur
425 2712 510 2752 pro
542 2697 779 2752 Volesum),
823 2697 1028 2739 Messalla
1064 2699 1228 2740 nummi
1257 2712 1326 2752 ap.
1358 2697 1518 2740 Eckhel
1552 2701 1592 2747 5,
1622 2700 1715 2746 334,
1747 2696 1942 2738 Babelon

205 2766 230 2811 l.
264 2781 297 2809 c.
325 2781 368 2808 n.
390 2770 554 2810 27-32.
601 2767 657 2809 In
689 2766 912 2809 consulatu
943 2767 993 2810 L.
1016 2766 1219 2809 Valerius
1250 2765 1453 2808 Messalla
1474 2765 1659 2808 Volesus
1690 2766 1797 2819 fasti
1821 2764 1940 2819 Cap„

202 2835 251 2878 A.
282 2834 500 2893 Οὐαλέριος
529 2835 749 2882 Μεσσαλᾶς
780 2835 1003 2882 Οὐάλαισος
1031 2835 1120 2878 Dio
1150 2835 1238 2878 ind.
1272 2836 1296 2877 l.
1328 2838 1399 2885 55,
1443 2835 1494 2877 L.
1525 2834 1725 2877 Valerius
1756 2833 1941 2876 Volesus

209 2903 278 2947 VI
298 2906 392 2947 851.
423 2907 577 2955 10294,
609 2904 661 2947 L.
683 2904 887 2946 Valerius
921 2903 1123 2955 Cassiod„
1157 2904 1378 2961 Οὐαλέριος
1407 2904 1625 2949 Μεσσάλας
1655 2902 1743 2944 Dio
1768 2905 1833 2952 55,
1865 2906 1939 2951 22,

205 2972 408 3016 Valerius
438 2973 547 3027 fasti
574 2973 760 3028 Hydai„
799 2972 984 3015 Volesus
1026 2973 1245 3028 chronoyr.
1279 2988 1318 3015 a.
1349 2975 1443 3015 354.
1507 2973 1634 3013 Potiti
1668 2969 1747 3023 (M.
1782 2970 1943 3013 Valerii

203 3041 436 3085 Messallae
475 3042 614 3084 Potiti
650 3041 835 3084 consulis
875 3056 915 3084 a.
949 3045 1037 3085 722
1065 3042 1130 3084 vel
1161 3045 1260 3098 725)
1292 3041 1405 3083 filius
1436 3042 1543 3095 fasti
1569 3040 1688 3094 Gap„
1731 3039 1820 3081 Dio
1849 3038 1938 3082 ind.

203 3110 231 3153 l.
262 3113 328 3161 55,
359 3111 420 3153 M.
450 3127 492 3154 n.
524 3112 633 3165 fasti
660 3110 767 3165 Cap.
829 3111 1054 3153 Triumvir
1083 3125 1186 3154 aere
1216 3117 1396 3166 argento
1428 3124 1533 3151 auro
1563 3108 1707 3150 flando
1738 3107 1938 3149 feriundo

201 3179 375 3229 nummi,
415 3180 497 3222 sub
534 3179 753 3234 Augusto,
796 3194 882 3222 non
924 3186 1024 3222 ante
1065 3195 1227 3222 annum
1260 3180 1342 3222 742
1384 3178 1471 3231 (scd
1508 3178 1579 3219 cix
1618 3176 1748 3218 multo
1770 3179 1936 3231 postea,

202 3247 258 3302 cf.
301 3247 539 3290 Mommsen
577 3248 724 3291 Roem.
768 3248 955 3291 Mu'ne‘u).
989 3263 1037 3303 p.
1071 3251 1151 3290 744
1189 3251 1274 3291 not.
1312 3250 1364 3290 15
1425 3246 1588 3288 nummi
1632 3260 1702 3299 ap.
1742 3244 1938 3286 Babelon

202 3330 244 3358 n.
267 3319 338 3359 24.
360 3319 431 3368 25,
463 3332 552 3359 una
582 3331 680 3359 cum
699 3316 909 3373 AproniO,
943 3316 1067 3371 Galo,
1102 3316 1288 3359 Sisenna
1316 3316 1479 3358 nummi
1508 3329 1576 3368 ap.
1599 3312 1760 3355 Eckhel
1782 3314 1822 3363 5,
1842 3315 1935 3363 334,

202 3384 398 3428 Babelon
427 3400 469 3429 n.
491 3389 654 3430 27-32.
701 3384 867 3429 Consul
899 3385 990 3430 ord.
1021 3401 1059 3427 a.
1082 3400 1124 3441 p.
1147 3385 1250 3428 Chr.
1273 3386 1299 3428 5
1332 3400 1429 3427 cum
1461 3384 1540 3426 Cn.
1559 3381 1765 3486 vC20rnelio
1796 3380 1938 3424 Cinna

1611 3449 1659 3485 4*
