2242 3672
178 211 1989 289 Η-,ΛΙΜ

177 345 263 389 684
292 350 600 398 VRGVLANIA,
633 345 682 390 P.
715 346 743 390 f.
776 347 1054 402 (praenomen
1074 348 1222 402 patris
1252 352 1433 404 apparet
1462 363 1513 392 ex
1542 350 1821 404 praenomine
1850 351 1996 396 liberti

262 414 412 469 ipsius,
444 413 500 468 ef.
530 413 684 469 infra),
717 416 856 458 amica
883 416 1036 459 Liviae
1065 417 1366 472 potentissima
1398 417 1498 460 Tae.
1526 432 1566 460 a.
1593 421 1636 470 2,
1657 421 1723 462 34.
1753 422 1793 470 4,
1813 423 1890 464 22.
1940 421 1992 463 Iu

262 484 329 525 ius
351 488 505 524 vocata
535 497 561 524 a
580 482 632 525 L.
657 483 814 526 Pisone
843 499 882 527 a.
906 486 971 540 16,
1003 500 1090 527 non
1113 485 1429 543 obtemperavit
1454 487 1552 530 Tae.
1576 501 1614 530 a.
1636 491 1680 538 2,
1700 490 1755 531 34
1783 489 1838 543 cf.
1859 493 1898 540 4,
1921 493 1991 535 21.

265 551 413 609 Nepos
442 552 535 594 eius
566 551 625 594 M.
658 552 858 595 Plautius
889 553 1096 596 Silvanus
1127 561 1299 611 praetor
1329 570 1366 600 a.
1399 557 1472 610 24,
1503 570 1654 613 quem,
1687 571 1786 600 cum
1815 571 1866 600 eo
1897 559 1992 615 ipso

264 635 376 663 anno
422 626 704 663 accusaretur
746 636 926 664 uxorem
972 622 1262 673 interfecisse,
1306 625 1474 666 monuit
1517 625 1707 680 pugione
1745 626 1898 679 misso,
1944 633 1993 670 ut

263 695 445 732 mortem
498 696 652 745 sponte
700 697 891 733 sumeret
935 691 1033 733 Tae.
1076 706 1116 735 a.
1155 695 1200 742 4,
1240 695 1315 736 22.
1397 692 1546 735 Mater
1591 693 1677 747 fuit
1726 697 1803 736 aut
1848 708 1994 738 socrus

264 757 331 800 M.
374 757 549 800 Plautii
586 757 758 801 Silvani
796 759 979 801 consulis
1019 774 1058 801 a.
1088 762 1196 811 752;
1240 761 1294 814 cf.
1339 763 1515 803 stemma
1549 762 1817 816 propositum
1859 776 1994 819 supra

258 841 306 881 p.
335 830 390 869 46
420 826 619 883 (libertus
659 827 747 868 eius
785 830 833 869 ut
864 827 1030 870 videtur
1069 828 1262 871 conditus
1296 843 1387 872 una
1423 843 1516 872 ewm
1546 829 1738 872 Plautiis
1768 831 1989 883 libertinis,

262 895 330 938 VI
351 897 522 952 29587).
575 895 740 938 Nomen
762 896 815 938 ab
838 910 889 939 ea
914 900 1139 939 traxerunt
1168 900 1256 939 tam
1275 897 1331 942 A.
1354 897 1559 951 Plautius
1587 898 1848 953 Uryulanius
1874 900 1991 955 filius

263 965 330 1008 M.
353 964 520 1007 Plautii
548 964 721 1007 Silvani
747 965 931 1007 consulis
970 980 1010 1010 a.
1040 969 1146 1016 752,
1178 980 1304 1020 quam
1342 966 1524 1009 Plautia
1562 966 1832 1022 Uryulanitla
1846 1002 1855 1019 ,
1896 969 1992 1024 filia

261 1033 456 1076 eiusdem.
515 1032 671 1076 Servus
709 1033 798 1075 eius
840 1033 957 1076 Simo
993 1033 1272 1089 Urgulaniae,
1305 1034 1481 1077 libertus
1514 1036 1562 1078 P.
1595 1035 1861 1090 Urgulanius
1889 1037 1930 1081 ζ).
1961 1037 1990 1080 l.

262 1101 416 1145 Helico
448 1101 517 1145 VI
537 1104 691 1146 29586.

190 1196 247 1224 -,-
290 1177 509 1214 PLAVTIA
539 1177 914 1214 VRGVLANILLA.

186 1266 244 1271 —
282 1249 330 1284 A.
360 1245 605 1282 PLAVTIVS
636 1246 972 1283 VRGVLANIVS.

187 1334 244 1340 —
287 1318 334 1352 A.
365 1315 599 1352 AVILLIVS
629 1314 903 1352 VRINATIVS
936 1315 1251 1360 QVADRATVS.

188 1404 243 1409 —-
288 1385 332 1421 L.
364 1383 619 1420 RAGONIVS
650 1383 923 1420 VRINATIVS
955 1384 1168 1421 LARCIVS
1200 1385 1520 1430 QVINTIANVS.

187 1473 245 1478 —
289 1455 333 1490 L.
364 1453 616 1489 RAGONIVS
647 1453 919 1489 VRINATIVS
950 1453 1228 1490 TVSCENIVS
1258 1454 1580 1499 QVINTIANVS.

174 1529 258 1572 685
288 1529 471 1573 Urseius
501 1528 647 1570 Ferox
679 1527 756 1583 (sie
784 1527 849 1570 vel
878 1528 1060 1571 Urseius
1083 1527 1331 1583 plerumque
1341 1542 1354 1580 ,·
1383 1528 1529 1571 Ferox
1558 1527 1661 1583 Diy.
1687 1531 1754 1579 39,
1779 1531 1820 1579 3,
1842 1531 1908 1579 11,
1928 1528 1989 1583 2),

261 1604 414 1640 auctor
444 1598 564 1651 iuris,
597 1596 653 1639 ad
685 1597 808 1639 cuius
840 1611 948 1653 opus
976 1595 1154 1653 aliquod
1185 1595 1398 1651 (Salvius)
1428 1596 1624 1639 Iulianus
1655 1597 1827 1654 scripsit
1859 1596 1991 1639 libros

176 1715 180 1720 ⁴
259 1674 466 1724 quattuor
500 1666 571 1708 ‘ad
602 1666 824 1709 Urseium'
856 1665 958 1721 Diy.
983 1665 1070 1708 ind.
1092 1665 1245 1717 Flor.;
1273 1664 1374 1720 Diy.
1397 1668 1437 1717 3,
1456 1668 1497 1717 3,
1517 1669 1573 1708 47
1595 1668 1668 1710 eet.
1727 1665 1993 1720 Fraymenta

258 1736 409 1779 horum
439 1735 646 1778 librorum
676 1735 907 1789 composuit
936 1734 1067 1777 Lenel
1087 1734 1257 1789 paliny.
1288 1735 1371 1778 iur.
1405 1734 1481 1777 civ.
1506 1734 1540 1776 I
1553 1748 1603 1788 p.
1627 1737 1711 1777 490
1731 1747 1827 1788 seq„
1860 1734 1994 1788 ipsius

263 1805 386 1849 Ursei
415 1804 620 1847 librorum
650 1805 879 1846 mentiones
909 1804 966 1847 ib.
999 1803 1061 1846 II
1085 1818 1136 1858 p.
1166 1807 1292 1847 1201.
1355 1803 1542 1860 Scripsit
1580 1809 1678 1860 post
1717 1802 1993 1856 (Masurium)

258 1874 469 1918 Sabinum
492 1873 632 1916 collat.
653 1876 723 1925 12,
747 1875 785 1923 7,
807 1876 858 1923 9,·
879 1871 980 1927 Diy.
998 1875 1070 1923 24,
1091 1875 1131 1923 3,
1152 1874 1218 1923 59,
1240 1878 1338 1929 post
1359 1871 1592 1914 Proculum
1611 1871 1715 1926 Diq.
1738 1874 1776 1921 9,
1799 1874 1842 1922 2,
1863 1874 1933 1922 27,
1952 1875 1989 1915 1.

260 1947 329 1995 39,
359 1946 399 1994 3,
427 1947 491 1993 11,
523 1945 555 1985 2
583 1941 804 1994 (maiorem
834 1942 967 1995 fuisse
994 1941 1145 1984 Cassio
1175 1941 1322 1996 eolliyi
1338 1944 1482 1996 potest
1511 1955 1562 1983 ex
1590 1940 1693 1995 Diy.
1714 1943 1780 1991 44,
1800 1943 1841 1991 5,
1862 1944 1900 1991 1,
1921 1943 1990 1990 10,

257 2012 332 2055 sed
349 2012 515 2054 videtur
530 2025 650 2054 error
669 2012 715 2053 in
735 2011 874 2052 verbis
894 2011 1050 2062 inesse,·
1070 2010 1262 2053 ‘Cassius
1283 2010 1400 2067 apud
1418 2011 1638 2054 Urseium‘
1652 2009 1755 2064 Diy.
1770 2012 1809 2059 7,
1819 2012 1857 2060 4,
1875 2012 1939 2059 10,
1950 2011 1991 2051 5.

258 2081 420 2124 Vixisse
458 2080 715 2135 temporibus
750 2079 935 2122 Traiani
973 2079 1151 2122 coniecit
1188 2079 1418 2121 Ferrinius
1458 2078 1647 2121 archivio
1680 2077 1894 2133 yiuridieo
1921 2080 1990 2127 37,

257 2153 367 2193 1886
388 2165 436 2204 p.
456 2149 568 2204 331).
1459 2163 1463 2165 -

171 2232 257 2274 686
287 2230 503 2283 Ursidius,
539 2229 832 2271 ‘moechorum
861 2229 1127 2271 notissimus'
1159 2227 1348 2271 Iuvenal.
1381 2231 1421 2278 6,
1451 2230 1521 2270 38.
1550 2231 1623 2272 42.

170 2312 254 2355 687
287 2311 559 2364 Ursinianus,
592 2309 683 2351 dux
715 2324 769 2350 ex
802 2309 1031 2366 disciplina
1059 2308 1191 2351 Probi
1224 2308 1426 2363 Vopiscus
1453 2308 1525 2351 vit.
1556 2307 1694 2351 Probi
1721 2310 1796 2358 22,
1825 2309 1865 2349 3.

185 2415 243 2421 -
289 2391 340 2433 L.
374 2391 537 2433 Statius
570 2389 769 2433 Ursulus.

171 2472 254 2514 688
285 2476 469 2514 VRSVS:
502 2484 551 2512 eo
575 2476 749 2512 auctore
774 2470 1050 2512 Domitianus
1072 2469 1309 2512 Domitiam
1332 2483 1511 2511 uxorem
1535 2483 1620 2510 non
1654 2467 1881 2521 interfecit,
1915 2466 1988 2508 sed

257 2539 505 2596 repudiavit
525 2545 694 2582 tantum
712 2538 802 2581 Dio
822 2542 886 2589 67,
906 2542 945 2581 3.
996 2540 1167 2593 Rogatu
1193 2537 1329 2580 Iuliae
1359 2536 1509 2579 consul
1530 2537 1669 2579 factus
1690 2551 1716 2579 a
1739 2537 1989 2579 Domitiano

255 2609 312 2651 ib.
345 2612 410 2659 67,
440 2612 468 2651 4
497 2611 628 2664 (anno
664 2611 719 2651 84
759 2608 970 2650 consulem
1009 2608 1141 2662 fuisse
1179 2608 1270 2649 sine
1306 2619 1437 2649 eausa
1473 2609 1521 2648 ut
1558 2605 1723 2648 videtur
1755 2605 1988 2659 statuitur).

255 2677 431 2720 Patrem
469 2678 602 2732 fuisse
634 2677 788 2719 Flavii
816 2677 916 2720 Ursi
944 2676 1008 2732 (F
1030 2679 1132 2731 273)
1165 2676 1341 2718 coniecit
1375 2673 1535 2727 Teuffel
1566 2674 1652 2716 Isit.
1682 2676 1779 2723 326,
1812 2677 1875 2716 10.

182 2771 241 2776 —
285 2745 514 2789 Cornelius
545 2746 698 2790 Ursus.

183 2838 241 2844 —
285 2814 466 2858 Flavius
495 2815 648 2859 Ursus.

181 2908 239 2913 —
284 2890 328 2927 L.
359 2890 525 2926 IVLIVS
556 2890 715 2926 VRSVS
748 2889 1045 2926 SERVIANVS.

182 2977 240 2982 —
284 2959 330 2995 L.
361 2959 529 2995 IVLIVS
559 2958 716 2995 VRSVS
748 2958 1003 2994 VALERIVS
1034 2952 1311 3006 FLAO(CVS).

181 3044 240 3049 -—
286 3026 495 3063 SALVIVS
536 3019 754 3076 NENJIVS]
791 3027 836 3062 L.
881 3022 1069 3074 (H)AIVS
1111 3018 1503 3074 CAMP[AN1]ANVS
1535 3020 1609 3059 Cet.
1649 3022 1692 3058 Τ.
1726 3017 1984 3069 (H)OEN1VS

258 3095 484 3131 SEVERVS
518 3094 836 3149 SERVEIENVS
867 3087 1073 3143 V[RSVS].

168 3170 255 3212 689
286 3169 475 3212 Usienus
506 3169 584 3221 (sic
612 3171 737 3224 5166)
763 3167 828 3211 vel
860 3168 1030 3210 Usenus
1061 3169 1139 3223 (sie
1167 3168 1296 3222 5162)
1328 3166 1552 3210 Secundus
1589 3171 1843 3221 procurator
1870 3163 1984 3217 Aug.

255 3237 439 3292 (Norici)
478 3237 594 3279 tituli
628 3237 835 3281 Celeiates
874 3237 919 3290 (a
960 3237 1245 3292 beneficiariis
1285 3237 1374 3278 eius
1406 3234 1558 3290 positi)
1598 3233 1686 3276 III
1707 3235 1833 3275 5162.
1863 3234 1982 3282 5166,

256 3322 294 3349 a.
329 3306 409 3349 158
438 3308 558 3351 5166.
