<?xml version="1.0" encoding="UTF-8"?>
<!DOCTYPE html PUBLIC "-//W3C//DTD XHTML 1.0 Transitional//EN"
    "http://www.w3.org/TR/xhtml1/DTD/xhtml1-transitional.dtd">
<html xmlns="http://www.w3.org/1999/xhtml" xml:lang="en" lang="en">
 <head>
  <title>
</title>
<meta http-equiv="Content-Type" content="text/html;charset=utf-8" />
  <meta name='ocr-system' content='tesseract 3.04.00' />
  <meta name='ocr-capabilities' content='ocr_page ocr_carea ocr_par ocr_line ocrx_word'/>
</head>
<body>
  <div class='ocr_page' id='page_1' title='image "./prosopographiaim03akaduoft/prosopographiaim03akaduoft_0372.png"; bbox 0 0 2242 3672; ppageno 0'>
   <div class='ocr_carea' id='block_1_1' title="bbox 299 245 2107 297">
    <p class='ocr_par' dir='ltr' id='par_1_1' title="bbox 299 245 2107 297">
     <span class='ocr_line' id='line_1_1' title="bbox 299 245 2107 297; baseline -0.01 0"><span class='ocrx_word' id='word_1_1' title='bbox 299 259 548 297; x_wconf 87' lang='lat' dir='ltr'><strong>VALERIVS</strong></span> <span class='ocrx_word' id='word_1_2' title='bbox 1160 245 1244 288; x_wconf 84' lang='lat'>360</span> <span class='ocrx_word' id='word_1_3' title='bbox 1302 277 1304 279; x_wconf 26' lang='grc' dir='ltr'>ψ</span> <span class='ocrx_word' id='word_1_4' title='bbox 1854 252 2107 290; x_wconf 69' lang='lat' dir='ltr'><strong>VALERNS</strong></span> 
     </span>
    </p>
   </div>
   <div class='ocr_carea' id='block_1_2' title="bbox 1934 317 2104 322">
    <p class='ocr_par' dir='ltr' id='par_1_2' title="bbox 1934 317 2104 322">
     <span class='ocr_line' id='line_1_2' title="bbox 1934 317 2104 322; baseline 0 0"><span class='ocrx_word' id='word_1_5' title='bbox 1934 317 2104 322; x_wconf 95' lang='lat' dir='ltr'> </span> 
     </span>
    </p>
   </div>
   <div class='ocr_carea' id='block_1_3' title="bbox 306 384 2236 3382">
    <p class='ocr_par' dir='ltr' id='par_1_3' title="bbox 306 384 2239 3382">
     <span class='ocr_line' id='line_1_3' title="bbox 385 384 2110 448; baseline -0.003 -14"><span class='ocrx_word' id='word_1_6' title='bbox 385 394 420 434; x_wconf 84' lang='lat' dir='ltr'>si</span> <span class='ocrx_word' id='word_1_7' title='bbox 442 391 615 448; x_wconf 87' lang='lat' dir='ltr'>quidem</span> <span class='ocrx_word' id='word_1_8' title='bbox 637 389 875 430; x_wconf 88' lang='lat' dir='ltr'>rediturum</span> <span class='ocrx_word' id='word_1_9' title='bbox 899 400 944 426; x_wconf 83' lang='lat' dir='ltr'>se</span> <span class='ocrx_word' id='word_1_10' title='bbox 963 386 1008 426; x_wconf 88' lang='lat' dir='ltr'>in</span> <span class='ocrx_word' id='word_1_11' title='bbox 1028 384 1212 440; x_wconf 84' lang='lat' dir='ltr'>patriam</span> <span class='ocrx_word' id='word_1_12' title='bbox 1236 389 1333 439; x_wconf 87' lang='lat' dir='ltr'>post</span> <span class='ocrx_word' id='word_1_13' title='bbox 1359 398 1494 426; x_wconf 82' lang='lat' dir='ltr'>annos</span> <span class='ocrx_word' id='word_1_14' title='bbox 1516 385 1696 439; x_wconf 87' lang='lat' dir='ltr'>triginta</span> <span class='ocrx_word' id='word_1_15' title='bbox 1710 391 1918 441; x_wconf 88' lang='lat' dir='ltr'>quattuor</span> <span class='ocrx_word' id='word_1_16' title='bbox 1937 386 2110 428; x_wconf 86' lang='lat' dir='ltr'>nuntiat</span> 
     </span>
     <span class='ocr_line' id='line_1_4' title="bbox 387 451 2109 512; baseline -0.003 -11"><span class='ocrx_word' id='word_1_17' title='bbox 387 462 431 501; x_wconf 91' lang='lat' dir='ltr'>in</span> <span class='ocrx_word' id='word_1_18' title='bbox 471 459 580 500; x_wconf 88' lang='lat' dir='ltr'>libro</span> <span class='ocrx_word' id='word_1_19' title='bbox 622 458 979 512; x_wconf 81' lang='lat' dir='ltr'>epigrammatum</span> <span class='ocrx_word' id='word_1_20' title='bbox 1020 452 1186 493; x_wconf 88' lang='lat' dir='ltr'>decimo</span> <span class='ocrx_word' id='word_1_21' title='bbox 1229 451 1342 494; x_wconf 88' lang='lat' dir='ltr'>edito</span> <span class='ocrx_word' id='word_1_22' title='bbox 1382 468 1421 494; x_wconf 91' lang='lat' dir='ltr'>a.</span> <span class='ocrx_word' id='word_1_23' title='bbox 1452 453 1507 494; x_wconf 89' lang='lat'>98</span> <span class='ocrx_word' id='word_1_24' title='bbox 1548 452 1621 506; x_wconf 82' lang='lat' dir='ltr'><em>(of.</em></span> <span class='ocrx_word' id='word_1_25' title='bbox 1651 453 1789 507; x_wconf 77' lang='lat' dir='ltr'>infra)</span> <span class='ocrx_word' id='word_1_26' title='bbox 1829 457 1897 504; x_wconf 89' lang='grc'>10,</span> <span class='ocrx_word' id='word_1_27' title='bbox 1934 456 2026 504; x_wconf 90' lang='grc'><em>103,</em></span> <span class='ocrx_word' id='word_1_28' title='bbox 2060 456 2109 505; x_wconf 97' lang='grc'>7,·</span> 
     </span>
     <span class='ocr_line' id='line_1_5' title="bbox 384 520 2108 577; baseline -0.003 -8"><span class='ocrx_word' id='word_1_29' title='bbox 384 531 474 577; x_wconf 89' lang='grc'><em>104,</em></span> <span class='ocrx_word' id='word_1_30' title='bbox 506 531 558 569; x_wconf 88' lang='grc'>10</span> <span class='ocrx_word' id='word_1_31' title='bbox 599 526 653 577; x_wconf 81' lang='lat' dir='ltr'>ef.</span> <span class='ocrx_word' id='word_1_32' title='bbox 682 527 752 573; x_wconf 86' lang='lat'>12,</span> <span class='ocrx_word' id='word_1_33' title='bbox 782 526 848 572; x_wconf 88' lang='lat'>31,</span> <span class='ocrx_word' id='word_1_34' title='bbox 881 525 918 566; x_wconf 99' lang='lat'>7.</span> <span class='ocrx_word' id='word_1_35' title='bbox 980 521 1189 564; x_wconf 82' lang='lat' dir='ltr'>Senecam</span> <span class='ocrx_word' id='word_1_36' title='bbox 1229 520 1501 574; x_wconf 87' lang='lat' dir='ltr'>(defunctum</span> <span class='ocrx_word' id='word_1_37' title='bbox 1541 537 1578 563; x_wconf 87' lang='lat' dir='ltr'>a.</span> <span class='ocrx_word' id='word_1_38' title='bbox 1611 521 1684 575; x_wconf 86' lang='lat'>65)</span> <span class='ocrx_word' id='word_1_39' title='bbox 1729 522 1841 564; x_wconf 88' lang='lat' dir='ltr'>vidit</span> <span class='ocrx_word' id='word_1_40' title='bbox 1884 523 2108 565; x_wconf 79' lang='lat' dir='ltr'>etiamtum</span> 
     </span>
     <span class='ocr_line' id='line_1_6' title="bbox 384 589 2107 646; baseline -0.002 -10"><span class='ocrx_word' id='word_1_41' title='bbox 384 595 606 637; x_wconf 89' lang='lat' dir='ltr'>florentem</span> <span class='ocrx_word' id='word_1_42' title='bbox 636 596 674 641; x_wconf 88' lang='lat'>4,</span> <span class='ocrx_word' id='word_1_43' title='bbox 706 595 774 642; x_wconf 86' lang='lat'>40,</span> <span class='ocrx_word' id='word_1_44' title='bbox 807 595 850 634; x_wconf 88' lang='grc'>2.</span> <span class='ocrx_word' id='word_1_45' title='bbox 912 589 1134 631; x_wconf 84' lang='lat' dir='ltr'>Tribunus</span> <span class='ocrx_word' id='word_1_46' title='bbox 1162 592 1201 642; x_wconf 89' lang='lat'>3,</span> <span class='ocrx_word' id='word_1_47' title='bbox 1236 592 1301 643; x_wconf 96' lang='lat'>95,</span> <span class='ocrx_word' id='word_1_48' title='bbox 1335 593 1374 632; x_wconf 93' lang='lat'>9.</span> <span class='ocrx_word' id='word_1_49' title='bbox 1435 590 1581 646; x_wconf 88' lang='lat' dir='ltr'>Eques</span> <span class='ocrx_word' id='word_1_50' title='bbox 1612 591 1867 644; x_wconf 78' lang='lat' dir='ltr'>(Romanus)</span> <span class='ocrx_word' id='word_1_51' title='bbox 1896 593 1935 641; x_wconf 91' lang='lat'>5,</span> <span class='ocrx_word' id='word_1_52' title='bbox 1967 593 2033 642; x_wconf 85' lang='lat'>13,</span> <span class='ocrx_word' id='word_1_53' title='bbox 2063 594 2107 634; x_wconf 93' lang='lat'>2.</span> 
     </span>
     <span class='ocr_line' id='line_1_7' title="bbox 382 657 2110 715; baseline -0.002 -10"><span class='ocrx_word' id='word_1_54' title='bbox 382 667 420 712; x_wconf 88' lang='grc'>9,</span> <span class='ocrx_word' id='word_1_55' title='bbox 447 666 510 712; x_wconf 94' lang='grc'>49,</span> <span class='ocrx_word' id='word_1_56' title='bbox 531 666 569 704; x_wconf 91' lang='grc'>4.</span> <span class='ocrx_word' id='word_1_57' title='bbox 600 664 670 710; x_wconf 90' lang='grc'>12,</span> <span class='ocrx_word' id='word_1_58' title='bbox 693 663 763 709; x_wconf 87' lang='grc'>26,</span> <span class='ocrx_word' id='word_1_59' title='bbox 784 662 816 701; x_wconf 88' lang='grc'><em>2</em></span> <span class='ocrx_word' id='word_1_60' title='bbox 845 659 900 712; x_wconf 82' lang='lat' dir='ltr'><em>of.</em></span> <span class='ocrx_word' id='word_1_61' title='bbox 920 662 958 712; x_wconf 85' lang='lat'>3,</span> <span class='ocrx_word' id='word_1_62' title='bbox 982 659 1046 713; x_wconf 89' lang='lat'>95,</span> <span class='ocrx_word' id='word_1_63' title='bbox 1068 661 1132 701; x_wconf 91' lang='lat'>10.</span> <span class='ocrx_word' id='word_1_64' title='bbox 1175 657 1354 700; x_wconf 81' lang='lat' dir='ltr'>‘Caesar</span> <span class='ocrx_word' id='word_1_65' title='bbox 1375 665 1571 715; x_wconf 82' lang='lat' dir='ltr'>uterque’</span> <span class='ocrx_word' id='word_1_66' title='bbox 1597 658 1909 713; x_wconf 76' lang='lat' dir='ltr'>(Vespasianus</span> <span class='ocrx_word' id='word_1_67' title='bbox 1931 657 2040 713; x_wconf 61' lang='lat' dir='ltr'>puto</span> <span class='ocrx_word' id='word_1_68' title='bbox 2070 660 2110 700; x_wconf 91' lang='lat' dir='ltr'>et</span> 
     </span>
     <span class='ocr_line' id='line_1_8' title="bbox 389 725 2110 785; baseline -0.002 -13"><span class='ocrx_word' id='word_1_69' title='bbox 389 731 524 785; x_wconf 71' lang='lat' dir='ltr'>Titiis)</span> <span class='ocrx_word' id='word_1_70' title='bbox 557 744 654 770; x_wconf 91' lang='lat' dir='ltr'>eum</span> <span class='ocrx_word' id='word_1_71' title='bbox 685 727 882 769; x_wconf 90' lang='lat' dir='ltr'>laudavit</span> <span class='ocrx_word' id='word_1_72' title='bbox 913 728 1039 782; x_wconf 90' lang='lat' dir='ltr'>eique</span> <span class='ocrx_word' id='word_1_73' title='bbox 1070 727 1263 783; x_wconf 88' lang='lat' dir='ltr'>praemia</span> <span class='ocrx_word' id='word_1_74' title='bbox 1293 727 1444 769; x_wconf 82' lang='lat' dir='ltr'>tribuit</span> <span class='ocrx_word' id='word_1_75' title='bbox 1470 731 1511 777; x_wconf 93' lang='lat'>3,</span> <span class='ocrx_word' id='word_1_76' title='bbox 1542 730 1607 778; x_wconf 88' lang='lat'>95,</span> <span class='ocrx_word' id='word_1_77' title='bbox 1635 730 1674 770; x_wconf 88' lang='lat'>5.</span> <span class='ocrx_word' id='word_1_78' title='bbox 1734 728 1808 770; x_wconf 92' lang='lat' dir='ltr'>Ius</span> <span class='ocrx_word' id='word_1_79' title='bbox 1840 728 1972 769; x_wconf 91' lang='lat' dir='ltr'>trium</span> <span class='ocrx_word' id='word_1_80' title='bbox 2000 725 2110 770; x_wconf 88' lang='lat' dir='ltr'>libe-</span> 
     </span>
     <span class='ocr_line' id='line_1_9' title="bbox 383 794 2110 852; baseline -0.002 -12"><span class='ocrx_word' id='word_1_81' title='bbox 383 813 528 841; x_wconf 90' lang='lat' dir='ltr'>rorum</span> <span class='ocrx_word' id='word_1_82' title='bbox 555 799 592 839; x_wconf 90' lang='lat' dir='ltr'>ei</span> <span class='ocrx_word' id='word_1_83' title='bbox 623 796 742 838; x_wconf 80' lang='lat' dir='ltr'>dedit</span> <span class='ocrx_word' id='word_1_84' title='bbox 770 795 932 838; x_wconf 83' lang='lat' dir='ltr'>Caesar</span> <span class='ocrx_word' id='word_1_85' title='bbox 961 798 1003 845; x_wconf 88' lang='grc'><em>2,</em></span> <span class='ocrx_word' id='word_1_86' title='bbox 1037 798 1102 837; x_wconf 92' lang='grc'>91.</span> <span class='ocrx_word' id='word_1_87' title='bbox 1133 798 1202 848; x_wconf 92' lang='grc'>92,</span> <span class='ocrx_word' id='word_1_88' title='bbox 1240 794 1418 838; x_wconf 80' lang='lat' dir='ltr'>‘Caesar</span> <span class='ocrx_word' id='word_1_89' title='bbox 1449 802 1648 852; x_wconf 82' lang='lat' dir='ltr'>uterque&#39;</span> <span class='ocrx_word' id='word_1_90' title='bbox 1671 799 1711 846; x_wconf 88' lang='grc'><em>3,</em></span> <span class='ocrx_word' id='word_1_91' title='bbox 1739 799 1805 846; x_wconf 90' lang='grc'>95,</span> <span class='ocrx_word' id='word_1_92' title='bbox 1834 797 1873 839; x_wconf 88' lang='grc'>5.</span> <span class='ocrx_word' id='word_1_93' title='bbox 1913 799 1953 846; x_wconf 91' lang='lat'><em>9,</em></span> <span class='ocrx_word' id='word_1_94' title='bbox 1985 798 2052 846; x_wconf 88' lang='lat'>97,</span> <span class='ocrx_word' id='word_1_95' title='bbox 2083 795 2110 837; x_wconf 85' lang='lat'><em>5</em></span> 
     </span>
     <span class='ocr_line' id='line_1_10' title="bbox 383 863 2162 922; baseline -0.002 -14"><span class='ocrx_word' id='word_1_96' title='bbox 383 867 454 922; x_wconf 83' lang='lat' dir='ltr'>(ef.</span> <span class='ocrx_word' id='word_1_97' title='bbox 489 866 725 907; x_wconf 68' lang='lat' dir='ltr'>Mommsen</span> <span class='ocrx_word' id='word_1_98' title='bbox 757 864 942 906; x_wconf 80' lang='lat' dir='ltr'>Staatsr.</span> <span class='ocrx_word' id='word_1_99' title='bbox 974 864 1035 905; x_wconf 91' lang='lat' dir='ltr'>II</span> <span class='ocrx_word' id='word_1_100' title='bbox 1037 864 1055 888; x_wconf 81' lang='lat'><em>3</em></span> <span class='ocrx_word' id='word_1_101' title='bbox 1079 878 1127 917; x_wconf 72' lang='lat' dir='ltr'>p.</span> <span class='ocrx_word' id='word_1_102' title='bbox 1155 866 1240 905; x_wconf 91' lang='grc'>888</span> <span class='ocrx_word' id='word_1_103' title='bbox 1270 867 1357 905; x_wconf 76' lang='lat' dir='ltr'>not.</span> <span class='ocrx_word' id='word_1_104' title='bbox 1380 863 1436 918; x_wconf 82' lang='lat'>4).</span> <span class='ocrx_word' id='word_1_105' title='bbox 1499 866 1660 907; x_wconf 86' lang='lat' dir='ltr'>Romae</span> <span class='ocrx_word' id='word_1_106' title='bbox 1690 864 1856 907; x_wconf 87' lang='lat' dir='ltr'>habitat</span> <span class='ocrx_word' id='word_1_107' title='bbox 1885 865 1932 906; x_wconf 91' lang='lat' dir='ltr'>in</span> <span class='ocrx_word' id='word_1_108' title='bbox 1961 863 2110 917; x_wconf 78' lang='lat' dir='ltr'>Quiri·</span> <span class='ocrx_word' id='word_1_109' title='bbox 2160 908 2162 910; x_wconf 68' lang='grc'><em>,</em></span> 
     </span>
     <span class='ocr_line' id='line_1_11' title="bbox 386 931 2112 987; baseline -0.001 -11"><span class='ocrx_word' id='word_1_110' title='bbox 386 934 471 976; x_wconf 90' lang='lat' dir='ltr'>nali</span> <span class='ocrx_word' id='word_1_111' title='bbox 493 938 530 984; x_wconf 95' lang='lat'>1,</span> <span class='ocrx_word' id='word_1_112' title='bbox 553 936 644 983; x_wconf 79' lang='lat'><em>108,</em></span> <span class='ocrx_word' id='word_1_113' title='bbox 666 936 714 983; x_wconf 84' lang='lat'>3,·</span> <span class='ocrx_word' id='word_1_114' title='bbox 739 935 830 982; x_wconf 87' lang='lat'><em>117,</em></span> <span class='ocrx_word' id='word_1_115' title='bbox 854 936 892 974; x_wconf 81' lang='lat'>6.</span> <span class='ocrx_word' id='word_1_116' title='bbox 923 935 962 982; x_wconf 89' lang='grc'>5,</span> <span class='ocrx_word' id='word_1_117' title='bbox 984 936 1060 982; x_wconf 92' lang='grc'>22,</span> <span class='ocrx_word' id='word_1_118' title='bbox 1081 936 1120 973; x_wconf 93' lang='grc'>3.</span> <span class='ocrx_word' id='word_1_119' title='bbox 1153 935 1191 982; x_wconf 84' lang='grc'>6,</span> <span class='ocrx_word' id='word_1_120' title='bbox 1213 935 1285 982; x_wconf 90' lang='grc'>27,</span> <span class='ocrx_word' id='word_1_121' title='bbox 1307 935 1346 974; x_wconf 94' lang='grc'>1.</span> <span class='ocrx_word' id='word_1_122' title='bbox 1378 936 1447 983; x_wconf 92' lang='grc'>10,</span> <span class='ocrx_word' id='word_1_123' title='bbox 1469 936 1536 984; x_wconf 87' lang='grc'>58,</span> <span class='ocrx_word' id='word_1_124' title='bbox 1558 937 1620 975; x_wconf 92' lang='grc'>10.</span> <span class='ocrx_word' id='word_1_125' title='bbox 1653 937 1717 987; x_wconf 91' lang='grc'>11,</span> <span class='ocrx_word' id='word_1_126' title='bbox 1740 937 1778 987; x_wconf 94' lang='grc'>1,</span> <span class='ocrx_word' id='word_1_127' title='bbox 1800 936 1826 976; x_wconf 87' lang='grc'>9</span> <span class='ocrx_word' id='word_1_128' title='bbox 1847 933 1902 987; x_wconf 78' lang='lat' dir='ltr'><em>cf.</em></span> <span class='ocrx_word' id='word_1_129' title='bbox 1924 931 2112 975; x_wconf 76' lang='lat' dir='ltr'>Huelsen</span> 
     </span>
     <span class='ocr_line' id='line_1_12' title="bbox 382 999 2112 1057; baseline -0.001 -13"><span class='ocrx_word' id='word_1_130' title='bbox 382 1016 486 1044; x_wconf 80' lang='lat' dir='ltr'>mas.</span> <span class='ocrx_word' id='word_1_131' title='bbox 518 1001 653 1043; x_wconf 65' lang='lat' dir='ltr'>Rhea.</span> <span class='ocrx_word' id='word_1_132' title='bbox 683 1005 748 1054; x_wconf 88' lang='lat'>49,</span> <span class='ocrx_word' id='word_1_133' title='bbox 782 1003 892 1042; x_wconf 84' lang='lat'><em>1894</em></span> <span class='ocrx_word' id='word_1_134' title='bbox 911 1015 960 1054; x_wconf 68' lang='lat' dir='ltr'><em>p.</em></span> <span class='ocrx_word' id='word_1_135' title='bbox 987 1003 1073 1042; x_wconf 91' lang='lat'>397</span> <span class='ocrx_word' id='word_1_136' title='bbox 1101 999 1263 1054; x_wconf 77' lang='lat' dir='ltr'>(‘scalis</span> <span class='ocrx_word' id='word_1_137' title='bbox 1293 1000 1443 1055; x_wconf 89' lang='lat' dir='ltr'>tribus,</span> <span class='ocrx_word' id='word_1_138' title='bbox 1476 1001 1551 1043; x_wconf 89' lang='lat' dir='ltr'>sed</span> <span class='ocrx_word' id='word_1_139' title='bbox 1574 1000 1687 1043; x_wconf 79' lang='lat' dir='ltr'>altis’</span> <span class='ocrx_word' id='word_1_140' title='bbox 1723 1005 1753 1056; x_wconf 87' lang='grc'>1,</span> <span class='ocrx_word' id='word_1_141' title='bbox 1777 1004 1869 1055; x_wconf 92' lang='grc'><em>117,</em></span> <span class='ocrx_word' id='word_1_142' title='bbox 1892 1004 1939 1053; x_wconf 89' lang='grc'>7;</span> <span class='ocrx_word' id='word_1_143' title='bbox 1961 1005 2112 1057; x_wconf 78' lang='lat' dir='ltr'>postea</span> 
     </span>
     <span class='ocr_line' id='line_1_13' title="bbox 383 1069 2110 1124; baseline -0.001 -11"><span class='ocrx_word' id='word_1_144' title='bbox 383 1072 554 1113; x_wconf 90' lang='lat' dir='ltr'>domum</span> <span class='ocrx_word' id='word_1_145' title='bbox 591 1084 712 1111; x_wconf 90' lang='lat' dir='ltr'>suam</span> <span class='ocrx_word' id='word_1_146' title='bbox 753 1074 962 1110; x_wconf 88' lang='lat' dir='ltr'>memorat</span> <span class='ocrx_word' id='word_1_147' title='bbox 990 1071 1028 1118; x_wconf 92' lang='lat'>9,</span> <span class='ocrx_word' id='word_1_148' title='bbox 1060 1071 1127 1118; x_wconf 88' lang='grc'>18,</span> <span class='ocrx_word' id='word_1_149' title='bbox 1161 1072 1216 1120; x_wconf 88' lang='grc'>2,·</span> <span class='ocrx_word' id='word_1_150' title='bbox 1247 1072 1313 1119; x_wconf 91' lang='grc'>97,</span> <span class='ocrx_word' id='word_1_151' title='bbox 1344 1069 1404 1123; x_wconf 90' lang='grc'>8).</span> <span class='ocrx_word' id='word_1_152' title='bbox 1475 1069 1707 1112; x_wconf 86' lang='lat' dir='ltr'>Praedium</span> <span class='ocrx_word' id='word_1_153' title='bbox 1749 1069 1879 1112; x_wconf 89' lang='lat' dir='ltr'>habet</span> <span class='ocrx_word' id='word_1_154' title='bbox 1917 1070 1963 1112; x_wconf 92' lang='lat' dir='ltr'>in</span> <span class='ocrx_word' id='word_1_155' title='bbox 2004 1081 2110 1124; x_wconf 86' lang='lat' dir='ltr'>agro</span> 
     </span>
     <span class='ocr_line' id='line_1_14' title="bbox 382 1139 2109 1192; baseline 0.001 -11"><span class='ocrx_word' id='word_1_156' title='bbox 382 1141 650 1181; x_wconf 91' lang='lat' dir='ltr'>Nomentano</span> <span class='ocrx_word' id='word_1_157' title='bbox 681 1141 724 1188; x_wconf 92' lang='lat'>2,</span> <span class='ocrx_word' id='word_1_158' title='bbox 745 1140 812 1187; x_wconf 87' lang='grc'>38,</span> <span class='ocrx_word' id='word_1_159' title='bbox 834 1142 871 1181; x_wconf 92' lang='grc'>1.</span> <span class='ocrx_word' id='word_1_160' title='bbox 902 1141 940 1185; x_wconf 91' lang='grc'>6,</span> <span class='ocrx_word' id='word_1_161' title='bbox 970 1140 1035 1187; x_wconf 88' lang='grc'>43,</span> <span class='ocrx_word' id='word_1_162' title='bbox 1063 1139 1102 1180; x_wconf 88' lang='grc'>3.</span> <span class='ocrx_word' id='word_1_163' title='bbox 1137 1141 1174 1188; x_wconf 89' lang='grc'>7,</span> <span class='ocrx_word' id='word_1_164' title='bbox 1206 1140 1270 1192; x_wconf 85' lang='grc'>93,</span> <span class='ocrx_word' id='word_1_165' title='bbox 1300 1140 1340 1180; x_wconf 88' lang='grc'>5.</span> <span class='ocrx_word' id='word_1_166' title='bbox 1373 1141 1413 1189; x_wconf 93' lang='grc'>9,</span> <span class='ocrx_word' id='word_1_167' title='bbox 1445 1142 1510 1189; x_wconf 87' lang='grc'>60,</span> <span class='ocrx_word' id='word_1_168' title='bbox 1543 1142 1581 1182; x_wconf 93' lang='grc'>6.</span> <span class='ocrx_word' id='word_1_169' title='bbox 1612 1142 1677 1190; x_wconf 92' lang='grc'>10,</span> <span class='ocrx_word' id='word_1_170' title='bbox 1707 1141 1772 1189; x_wconf 83' lang='lat'>94,</span> <span class='ocrx_word' id='word_1_171' title='bbox 1803 1141 1844 1181; x_wconf 91' lang='grc'><em>3.</em></span> <span class='ocrx_word' id='word_1_172' title='bbox 1874 1141 1944 1189; x_wconf 88' lang='grc'>12,</span> <span class='ocrx_word' id='word_1_173' title='bbox 1972 1139 2040 1188; x_wconf 86' lang='grc'>57,</span> <span class='ocrx_word' id='word_1_174' title='bbox 2071 1140 2109 1182; x_wconf 92' lang='grc'>1.</span> 
     </span>
     <span class='ocr_line' id='line_1_15' title="bbox 381 1205 1848 1261; baseline -0.001 -12"><span class='ocrx_word' id='word_1_175' title='bbox 381 1210 559 1257; x_wconf 85' lang='lat'><em>13,119,</em></span> <span class='ocrx_word' id='word_1_176' title='bbox 585 1210 610 1248; x_wconf 91' lang='grc'>1</span> <span class='ocrx_word' id='word_1_177' title='bbox 642 1205 714 1260; x_wconf 77' lang='lat' dir='ltr'><em>(cf.</em></span> <span class='ocrx_word' id='word_1_178' title='bbox 750 1205 864 1248; x_wconf 77' lang='lat' dir='ltr'><em>CIL.</em></span> <span class='ocrx_word' id='word_1_179' title='bbox 884 1206 1011 1248; x_wconf 84' lang='lat' dir='ltr'>XIV</span> <span class='ocrx_word' id='word_1_180' title='bbox 1023 1221 1071 1261; x_wconf 72' lang='lat' dir='ltr'><em>p.</em></span> <span class='ocrx_word' id='word_1_181' title='bbox 1094 1209 1187 1248; x_wconf 88' lang='lat'><em>441.</em></span> <span class='ocrx_word' id='word_1_182' title='bbox 1208 1205 1320 1260; x_wconf 85' lang='lat'><em>447).</em></span> <span class='ocrx_word' id='word_1_183' title='bbox 1846 1252 1848 1254; x_wconf 7' lang='lat' dir='ltr'>y</span> 
     </span>
     <span class='ocr_line' id='line_1_16' title="bbox 470 1274 2112 1332; baseline 0.001 -15"><span class='ocrx_word' id='word_1_184' title='bbox 470 1274 675 1317; x_wconf 82' lang='lat' dir='ltr'>Carmina</span> <span class='ocrx_word' id='word_1_185' title='bbox 695 1289 886 1330; x_wconf 78' lang='lat' dir='ltr'>pangere</span> <span class='ocrx_word' id='word_1_186' title='bbox 907 1276 1051 1330; x_wconf 89' lang='lat' dir='ltr'>coepit</span> <span class='ocrx_word' id='word_1_187' title='bbox 1070 1274 1327 1316; x_wconf 79' lang='lat' dir='ltr'>adulescens</span> <span class='ocrx_word' id='word_1_188' title='bbox 1348 1278 1386 1325; x_wconf 93' lang='lat'>1,</span> <span class='ocrx_word' id='word_1_189' title='bbox 1410 1278 1501 1326; x_wconf 87' lang='grc'><em>113,</em></span> <span class='ocrx_word' id='word_1_190' title='bbox 1524 1279 1562 1320; x_wconf 93' lang='grc'>1.</span> <span class='ocrx_word' id='word_1_191' title='bbox 1615 1276 1780 1318; x_wconf 83' lang='lat' dir='ltr'>Extant</span> <span class='ocrx_word' id='word_1_192' title='bbox 1800 1276 2112 1332; x_wconf 80' lang='lat' dir='ltr'>epigrammata</span> 
     </span>
     <span class='ocr_line' id='line_1_17' title="bbox 382 1343 2146 1400; baseline 0.002 -16"><span class='ocrx_word' id='word_1_193' title='bbox 382 1359 494 1400; x_wconf 89' lang='lat' dir='ltr'>quae</span> <span class='ocrx_word' id='word_1_194' title='bbox 534 1343 638 1385; x_wconf 87' lang='lat' dir='ltr'>fecit</span> <span class='ocrx_word' id='word_1_195' title='bbox 676 1359 714 1385; x_wconf 90' lang='lat' dir='ltr'>a.</span> <span class='ocrx_word' id='word_1_196' title='bbox 746 1344 801 1385; x_wconf 90' lang='lat'>80</span> <span class='ocrx_word' id='word_1_197' title='bbox 844 1358 939 1385; x_wconf 85' lang='lat' dir='ltr'>cum</span> <span class='ocrx_word' id='word_1_198' title='bbox 973 1343 1060 1384; x_wconf 88' lang='lat' dir='ltr'>Titi</span> <span class='ocrx_word' id='word_1_199' title='bbox 1092 1343 1457 1399; x_wconf 85' lang='lat' dir='ltr'>amphitheatrum</span> <span class='ocrx_word' id='word_1_200' title='bbox 1489 1343 1767 1386; x_wconf 83' lang='lat' dir='ltr'>dedicaretur</span> <span class='ocrx_word' id='word_1_201' title='bbox 1797 1344 1870 1387; x_wconf 85' lang='lat' dir='ltr'>lib.</span> <span class='ocrx_word' id='word_1_202' title='bbox 1897 1346 2111 1399; x_wconf 72' lang='lat' dir='ltr'>speotacu-</span> <span class='ocrx_word' id='word_1_203' title='bbox 2143 1390 2146 1392; x_wconf 70' lang='grc'>,</span> 
     </span>
     <span class='ocr_line' id='line_1_18' title="bbox 385 1412 2112 1468; baseline -0.001 -13"><span class='ocrx_word' id='word_1_204' title='bbox 385 1413 522 1455; x_wconf 79' lang='lat' dir='ltr'>loram</span> <span class='ocrx_word' id='word_1_205' title='bbox 552 1413 625 1465; x_wconf 76' lang='lat' dir='ltr'>qai</span> <span class='ocrx_word' id='word_1_206' title='bbox 654 1412 813 1454; x_wconf 76' lang='lat' dir='ltr'>elicitur</span> <span class='ocrx_word' id='word_1_207' title='bbox 841 1416 880 1462; x_wconf 95' lang='lat'>1,</span> <span class='ocrx_word' id='word_1_208' title='bbox 905 1415 941 1454; x_wconf 93' lang='lat'>7.</span> <span class='ocrx_word' id='word_1_209' title='bbox 972 1416 1015 1462; x_wconf 91' lang='grc'>2,</span> <span class='ocrx_word' id='word_1_210' title='bbox 1037 1414 1064 1454; x_wconf 87' lang='grc'><em>5</em></span> <span class='ocrx_word' id='word_1_211' title='bbox 1096 1415 1169 1455; x_wconf 83' lang='lat' dir='ltr'>eet.</span> <span class='ocrx_word' id='word_1_212' title='bbox 1228 1412 1475 1468; x_wconf 89' lang='lat' dir='ltr'>Imperante</span> <span class='ocrx_word' id='word_1_213' title='bbox 1504 1413 1754 1454; x_wconf 90' lang='lat' dir='ltr'>Domitiano</span> <span class='ocrx_word' id='word_1_214' title='bbox 1786 1412 1922 1455; x_wconf 86' lang='lat' dir='ltr'>edidit</span> <span class='ocrx_word' id='word_1_215' title='bbox 1949 1413 2112 1455; x_wconf 82' lang='lat' dir='ltr'>xenion</span> 
     </span>
     <span class='ocr_line' id='line_1_19' title="bbox 387 1479 2110 1538; baseline 0.001 -16"><span class='ocrx_word' id='word_1_216' title='bbox 387 1487 429 1522; x_wconf 91' lang='lat' dir='ltr'>et</span> <span class='ocrx_word' id='word_1_217' title='bbox 448 1480 744 1536; x_wconf 88' lang='lat' dir='ltr'>apophoreton</span> <span class='ocrx_word' id='word_1_218' title='bbox 766 1479 934 1522; x_wconf 88' lang='lat' dir='ltr'>libellos</span> <span class='ocrx_word' id='word_1_219' title='bbox 955 1480 1210 1535; x_wconf 81' lang='lat' dir='ltr'>singulares,</span> <span class='ocrx_word' id='word_1_220' title='bbox 1234 1481 1486 1523; x_wconf 87' lang='lat' dir='ltr'>Domitiano</span> <span class='ocrx_word' id='word_1_221' title='bbox 1509 1482 1591 1522; x_wconf 89' lang='lat' dir='ltr'>iam</span> <span class='ocrx_word' id='word_1_222' title='bbox 1614 1482 1873 1525; x_wconf 82' lang='lat' dir='ltr'>Germanico</span> <span class='ocrx_word' id='word_1_223' title='bbox 1894 1479 2110 1538; x_wconf 83' lang='lat' dir='ltr'>appellato</span> 
     </span>
     <span class='ocr_line' id='line_1_20' title="bbox 382 1548 2108 1606; baseline -0.001 -15"><span class='ocrx_word' id='word_1_224' title='bbox 382 1563 476 1591; x_wconf 70' lang='lat' dir='ltr'>atem.</span> <span class='ocrx_word' id='word_1_225' title='bbox 497 1552 536 1599; x_wconf 92' lang='lat'>4,</span> <span class='ocrx_word' id='word_1_226' title='bbox 569 1549 721 1603; x_wconf 72' lang='lat' dir='ltr'>apoph.</span> <span class='ocrx_word' id='word_1_227' title='bbox 741 1551 836 1599; x_wconf 86' lang='lat'><em>170,</em></span> <span class='ocrx_word' id='word_1_228' title='bbox 869 1549 1026 1590; x_wconf 90' lang='lat' dir='ltr'>deinde</span> <span class='ocrx_word' id='word_1_229' title='bbox 1048 1550 1410 1604; x_wconf 84' lang='lat' dir='ltr'>epigrammatum</span> <span class='ocrx_word' id='word_1_230' title='bbox 1434 1548 1605 1591; x_wconf 87' lang='lat' dir='ltr'>libellos</span> <span class='ocrx_word' id='word_1_231' title='bbox 1636 1565 1662 1591; x_wconf 92' lang='lat' dir='ltr'>a</span> <span class='ocrx_word' id='word_1_232' title='bbox 1690 1550 1829 1606; x_wconf 90' lang='lat' dir='ltr'>primo</span> <span class='ocrx_word' id='word_1_233' title='bbox 1850 1549 1907 1592; x_wconf 85' lang='lat' dir='ltr'>ad</span> <span class='ocrx_word' id='word_1_234' title='bbox 1926 1562 2108 1592; x_wconf 85' lang='lat' dir='ltr'>nonum:</span> 
     </span>
     <span class='ocr_line' id='line_1_21' title="bbox 382 1607 2113 1675; baseline 0.001 -17"><span class='ocrx_word' id='word_1_235' title='bbox 382 1624 425 1659; x_wconf 88' lang='lat' dir='ltr'>et</span> <span class='ocrx_word' id='word_1_236' title='bbox 464 1618 648 1673; x_wconf 90' lang='lat' dir='ltr'>primum</span> <span class='ocrx_word' id='word_1_237' title='bbox 670 1607 857 1673; x_wconf 68' lang='lat' dir='ltr'>⁵quidem</span> <span class='ocrx_word' id='word_1_238' title='bbox 896 1618 1147 1659; x_wconf 88' lang='lat' dir='ltr'>Domitiano</span> <span class='ocrx_word' id='word_1_239' title='bbox 1188 1618 1274 1659; x_wconf 91' lang='lat' dir='ltr'>iam</span> <span class='ocrx_word' id='word_1_240' title='bbox 1315 1632 1541 1659; x_wconf 85' lang='lat' dir='ltr'>censuram</span> <span class='ocrx_word' id='word_1_241' title='bbox 1572 1625 1750 1672; x_wconf 84' lang='lat' dir='ltr'>gerente</span> <span class='ocrx_word' id='word_1_242' title='bbox 1780 1619 1940 1675; x_wconf 78' lang='lat' dir='ltr'>(quam.</span> <span class='ocrx_word' id='word_1_243' title='bbox 1958 1631 2113 1673; x_wconf 87' lang='lat' dir='ltr'>gerere</span> 
     </span>
     <span class='ocr_line' id='line_1_22' title="bbox 386 1685 2112 1743; baseline 0.002 -16"><span class='ocrx_word' id='word_1_244' title='bbox 386 1687 526 1742; x_wconf 87' lang='lat' dir='ltr'>eoepit</span> <span class='ocrx_word' id='word_1_245' title='bbox 556 1701 594 1729; x_wconf 90' lang='lat' dir='ltr'>a.</span> <span class='ocrx_word' id='word_1_246' title='bbox 617 1686 689 1740; x_wconf 87' lang='lat'>85)</span> <span class='ocrx_word' id='word_1_247' title='bbox 712 1689 751 1736; x_wconf 92' lang='lat'>1,</span> <span class='ocrx_word' id='word_1_248' title='bbox 772 1689 811 1736; x_wconf 87' lang='grc'>4,</span> <span class='ocrx_word' id='word_1_249' title='bbox 833 1688 872 1736; x_wconf 90' lang='grc'>7,</span> <span class='ocrx_word' id='word_1_250' title='bbox 904 1685 1064 1728; x_wconf 91' lang='lat' dir='ltr'>librum</span> <span class='ocrx_word' id='word_1_251' title='bbox 1086 1692 1288 1742; x_wconf 90' lang='lat' dir='ltr'>quartum</span> <span class='ocrx_word' id='word_1_252' title='bbox 1318 1687 1434 1728; x_wconf 87' lang='lat' dir='ltr'>circa</span> <span class='ocrx_word' id='word_1_253' title='bbox 1462 1686 1507 1728; x_wconf 91' lang='lat' dir='ltr'>id</span> <span class='ocrx_word' id='word_1_254' title='bbox 1538 1693 1707 1743; x_wconf 87' lang='lat' dir='ltr'>tempus</span> <span class='ocrx_word' id='word_1_255' title='bbox 1729 1702 1814 1743; x_wconf 92' lang='lat' dir='ltr'>quo</span> <span class='ocrx_word' id='word_1_256' title='bbox 1835 1687 2112 1730; x_wconf 80' lang='lat' dir='ltr'>Domitianus</span> 
     </span>
     <span class='ocr_line' id='line_1_23' title="bbox 387 1754 2114 1812; baseline 0.001 -16"><span class='ocrx_word' id='word_1_257' title='bbox 387 1754 511 1796; x_wconf 90' lang='lat' dir='ltr'>ludos</span> <span class='ocrx_word' id='word_1_258' title='bbox 544 1754 784 1795; x_wconf 84' lang='lat' dir='ltr'>saeculares</span> <span class='ocrx_word' id='word_1_259' title='bbox 816 1754 953 1796; x_wconf 86' lang='lat' dir='ltr'>edidit</span> <span class='ocrx_word' id='word_1_260' title='bbox 983 1754 1040 1809; x_wconf 88' lang='lat' dir='ltr'>(a.</span> <span class='ocrx_word' id='word_1_261' title='bbox 1071 1755 1144 1809; x_wconf 90' lang='lat'>88)</span> <span class='ocrx_word' id='word_1_262' title='bbox 1175 1755 1214 1809; x_wconf 90' lang='lat'>4,</span> <span class='ocrx_word' id='word_1_263' title='bbox 1250 1756 1285 1807; x_wconf 91' lang='lat'>1,</span> <span class='ocrx_word' id='word_1_264' title='bbox 1320 1755 1357 1809; x_wconf 90' lang='grc'>7,</span> <span class='ocrx_word' id='word_1_265' title='bbox 1400 1754 1558 1797; x_wconf 88' lang='lat' dir='ltr'>librum</span> <span class='ocrx_word' id='word_1_266' title='bbox 1601 1762 1903 1812; x_wconf 76' lang='lat' dir='ltr'>sextumpost</span> <span class='ocrx_word' id='word_1_267' title='bbox 1931 1761 2114 1798; x_wconf 81' lang='lat' dir='ltr'>mortem</span> 
     </span>
     <span class='ocr_line' id='line_1_24' title="bbox 382 1822 2114 1879; baseline 0.002 -16"><span class='ocrx_word' id='word_1_268' title='bbox 382 1829 424 1864; x_wconf 90' lang='lat' dir='ltr'>et</span> <span class='ocrx_word' id='word_1_269' title='bbox 464 1823 831 1864; x_wconf 84' lang='lat' dir='ltr'>consecrationem</span> <span class='ocrx_word' id='word_1_270' title='bbox 860 1822 1007 1868; x_wconf 12' lang='lat' dir='ltr'>,Iuliae</span> <span class='ocrx_word' id='word_1_271' title='bbox 1043 1822 1174 1879; x_wconf 90' lang='lat' dir='ltr'>(quae</span> <span class='ocrx_word' id='word_1_272' title='bbox 1207 1830 1459 1865; x_wconf 84' lang='lat' dir='ltr'>consecrata</span> <span class='ocrx_word' id='word_1_273' title='bbox 1489 1830 1555 1866; x_wconf 89' lang='lat' dir='ltr'>est</span> <span class='ocrx_word' id='word_1_274' title='bbox 1585 1838 1623 1865; x_wconf 90' lang='lat' dir='ltr'>a.</span> <span class='ocrx_word' id='word_1_275' title='bbox 1655 1824 1711 1865; x_wconf 82' lang='lat'><em>90</em></span> <span class='ocrx_word' id='word_1_276' title='bbox 1741 1823 1813 1866; x_wconf 91' lang='lat' dir='ltr'>vel</span> <span class='ocrx_word' id='word_1_277' title='bbox 1843 1824 1918 1879; x_wconf 87' lang='lat'>91)</span> <span class='ocrx_word' id='word_1_278' title='bbox 1949 1827 1989 1876; x_wconf 89' lang='lat'>6,</span> <span class='ocrx_word' id='word_1_279' title='bbox 2015 1827 2056 1875; x_wconf 87' lang='lat'>3,</span> <span class='ocrx_word' id='word_1_280' title='bbox 2086 1827 2114 1867; x_wconf 88' lang='grc'><strong><em>6</em></strong></span> 
     </span>
     <span class='ocr_line' id='line_1_25' title="bbox 381 1890 2112 1950; baseline 0.001 -17"><span class='ocrx_word' id='word_1_281' title='bbox 381 1892 434 1945; x_wconf 79' lang='lat' dir='ltr'>ef.</span> <span class='ocrx_word' id='word_1_282' title='bbox 457 1894 686 1945; x_wconf 75' lang='lat' dir='ltr'>praeterea</span> <span class='ocrx_word' id='word_1_283' title='bbox 706 1890 994 1933; x_wconf 76' lang='lat' dir='ltr'>Friedlanoler</span> <span class='ocrx_word' id='word_1_284' title='bbox 1023 1892 1070 1933; x_wconf 73' lang='lat' dir='ltr'>iri</span> <span class='ocrx_word' id='word_1_285' title='bbox 1101 1891 1162 1933; x_wconf 77' lang='lat' dir='ltr'>ed.</span> <span class='ocrx_word' id='word_1_286' title='bbox 1188 1890 1415 1934; x_wconf 73' lang='lat' dir='ltr'>Martialis</span> <span class='ocrx_word' id='word_1_287' title='bbox 1435 1906 1484 1946; x_wconf 77' lang='lat'><em>10·</em></span> <span class='ocrx_word' id='word_1_288' title='bbox 1505 1895 1560 1935; x_wconf 88' lang='lat'>53</span> <span class='ocrx_word' id='word_1_289' title='bbox 1577 1906 1660 1946; x_wconf 77' lang='lat' dir='ltr'>seq.</span> <span class='ocrx_word' id='word_1_290' title='bbox 1704 1892 1997 1936; x_wconf 87' lang='lat' dir='ltr'>Undecimum</span> <span class='ocrx_word' id='word_1_291' title='bbox 2026 1893 2112 1950; x_wconf 86' lang='lat' dir='ltr'>epi-</span> 
     </span>
     <span class='ocr_line' id='line_1_26' title="bbox 380 1959 2114 2018; baseline 0.002 -18"><span class='ocrx_word' id='word_1_292' title='bbox 380 1966 668 2014; x_wconf 88' lang='lat' dir='ltr'>grammatum</span> <span class='ocrx_word' id='word_1_293' title='bbox 699 1959 858 2001; x_wconf 90' lang='lat' dir='ltr'>librum</span> <span class='ocrx_word' id='word_1_294' title='bbox 881 1959 1017 2002; x_wconf 89' lang='lat' dir='ltr'>edidit</span> <span class='ocrx_word' id='word_1_295' title='bbox 1036 1975 1183 2001; x_wconf 86' lang='lat' dir='ltr'>mense</span> <span class='ocrx_word' id='word_1_296' title='bbox 1209 1960 1315 2002; x_wconf 89' lang='lat' dir='ltr'>Dec.</span> <span class='ocrx_word' id='word_1_297' title='bbox 1339 1961 1406 2014; x_wconf 86' lang='lat'>96,</span> <span class='ocrx_word' id='word_1_298' title='bbox 1439 1960 1602 2003; x_wconf 87' lang='lat' dir='ltr'>scilicet</span> <span class='ocrx_word' id='word_1_299' title='bbox 1621 1961 1769 2003; x_wconf 78' lang='lat' dir='ltr'>Nerva</span> <span class='ocrx_word' id='word_1_300' title='bbox 1799 1962 1886 2003; x_wconf 89' lang='lat' dir='ltr'>iam</span> <span class='ocrx_word' id='word_1_301' title='bbox 1915 1962 2114 2018; x_wconf 83' lang='lat' dir='ltr'>principe</span> 
     </span>
     <span class='ocr_line' id='line_1_27' title="bbox 385 2029 2112 2084; baseline 0.002 -15"><span class='ocrx_word' id='word_1_302' title='bbox 385 2031 451 2077; x_wconf 91' lang='lat'>11,</span> <span class='ocrx_word' id='word_1_303' title='bbox 485 2031 527 2077; x_wconf 92' lang='grc'>2,</span> <span class='ocrx_word' id='word_1_304' title='bbox 561 2031 598 2078; x_wconf 90' lang='grc'>6,</span> <span class='ocrx_word' id='word_1_305' title='bbox 637 2030 809 2084; x_wconf 87' lang='lat' dir='ltr'>iamque</span> <span class='ocrx_word' id='word_1_306' title='bbox 849 2029 1024 2070; x_wconf 89' lang='lat' dir='ltr'>tertium</span> <span class='ocrx_word' id='word_1_307' title='bbox 1064 2029 1336 2071; x_wconf 83' lang='lat' dir='ltr'>consulatum</span> <span class='ocrx_word' id='word_1_308' title='bbox 1378 2030 1536 2071; x_wconf 89' lang='lat' dir='ltr'>inituro</span> <span class='ocrx_word' id='word_1_309' title='bbox 1567 2033 1633 2080; x_wconf 95' lang='lat'>11,</span> <span class='ocrx_word' id='word_1_310' title='bbox 1662 2033 1702 2080; x_wconf 92' lang='lat'>4,</span> <span class='ocrx_word' id='word_1_311' title='bbox 1732 2031 1771 2080; x_wconf 89' lang='lat'>5,</span> <span class='ocrx_word' id='word_1_312' title='bbox 1809 2029 2112 2072; x_wconf 80' lang='lat' dir='ltr'>Saturnalibus</span> 
     </span>
     <span class='ocr_line' id='line_1_28' title="bbox 386 2096 2112 2155; baseline 0.002 -18"><span class='ocrx_word' id='word_1_313' title='bbox 386 2099 453 2146; x_wconf 93' lang='lat'>11,</span> <span class='ocrx_word' id='word_1_314' title='bbox 485 2099 528 2146; x_wconf 92' lang='grc'>2,</span> <span class='ocrx_word' id='word_1_315' title='bbox 559 2099 597 2146; x_wconf 89' lang='lat'>5,</span> <span class='ocrx_word' id='word_1_316' title='bbox 641 2097 744 2138; x_wconf 84' lang='lat' dir='ltr'>vivo</span> <span class='ocrx_word' id='word_1_317' title='bbox 786 2096 928 2139; x_wconf 86' lang='lat' dir='ltr'>adhue</span> <span class='ocrx_word' id='word_1_318' title='bbox 967 2097 1200 2139; x_wconf 88' lang='lat' dir='ltr'>Parthenio</span> <span class='ocrx_word' id='word_1_319' title='bbox 1233 2100 1298 2148; x_wconf 94' lang='lat'>11,</span> <span class='ocrx_word' id='word_1_320' title='bbox 1330 2101 1369 2148; x_wconf 95' lang='lat'>1,</span> <span class='ocrx_word' id='word_1_321' title='bbox 1400 2100 1452 2149; x_wconf 88' lang='grc'>3;</span> <span class='ocrx_word' id='word_1_322' title='bbox 1490 2097 1652 2140; x_wconf 90' lang='lat' dir='ltr'>librum</span> <span class='ocrx_word' id='word_1_323' title='bbox 1693 2097 1910 2140; x_wconf 88' lang='lat' dir='ltr'>decimum</span> <span class='ocrx_word' id='word_1_324' title='bbox 1940 2097 2112 2155; x_wconf 86' lang='lat' dir='ltr'>qualem</span> 
     </span>
     <span class='ocr_line' id='line_1_29' title="bbox 380 2164 2112 2222; baseline 0.003 -17"><span class='ocrx_word' id='word_1_325' title='bbox 380 2179 456 2205; x_wconf 90' lang='lat' dir='ltr'>nos</span> <span class='ocrx_word' id='word_1_326' title='bbox 488 2164 696 2207; x_wconf 89' lang='lat' dir='ltr'>habemus</span> <span class='ocrx_word' id='word_1_327' title='bbox 726 2166 888 2221; x_wconf 89' lang='lat' dir='ltr'>(priore</span> <span class='ocrx_word' id='word_1_328' title='bbox 909 2165 1097 2208; x_wconf 89' lang='lat' dir='ltr'>editione</span> <span class='ocrx_word' id='word_1_329' title='bbox 1118 2172 1323 2208; x_wconf 87' lang='lat' dir='ltr'>revocata</span> <span class='ocrx_word' id='word_1_330' title='bbox 1342 2170 1410 2217; x_wconf 84' lang='lat'>10,</span> <span class='ocrx_word' id='word_1_331' title='bbox 1433 2170 1475 2217; x_wconf 91' lang='grc'>2,</span> <span class='ocrx_word' id='word_1_332' title='bbox 1497 2167 1558 2221; x_wconf 88' lang='grc'>2),</span> <span class='ocrx_word' id='word_1_333' title='bbox 1592 2181 1705 2209; x_wconf 92' lang='lat' dir='ltr'>anno</span> <span class='ocrx_word' id='word_1_334' title='bbox 1726 2167 1794 2222; x_wconf 88' lang='lat'>98,</span> <span class='ocrx_word' id='word_1_335' title='bbox 1827 2166 1993 2210; x_wconf 87' lang='lat' dir='ltr'>scilicet</span> <span class='ocrx_word' id='word_1_336' title='bbox 2013 2181 2112 2210; x_wconf 90' lang='lat' dir='ltr'>cum</span> 
     </span>
     <span class='ocr_line' id='line_1_30' title="bbox 383 2233 2112 2291; baseline 0.001 -17"><span class='ocrx_word' id='word_1_337' title='bbox 383 2233 594 2275; x_wconf 88' lang='lat' dir='ltr'>adventus</span> <span class='ocrx_word' id='word_1_338' title='bbox 635 2235 812 2276; x_wconf 91' lang='lat' dir='ltr'>Traiani</span> <span class='ocrx_word' id='word_1_339' title='bbox 857 2249 880 2276; x_wconf 92' lang='lat' dir='ltr'>e</span> <span class='ocrx_word' id='word_1_340' title='bbox 926 2235 1165 2278; x_wconf 84' lang='lat' dir='ltr'>Germania</span> <span class='ocrx_word' id='word_1_341' title='bbox 1209 2242 1513 2291; x_wconf 87' lang='lat' dir='ltr'>expectaretur</span> <span class='ocrx_word' id='word_1_342' title='bbox 1557 2239 1623 2286; x_wconf 90' lang='grc'>10,</span> <span class='ocrx_word' id='word_1_343' title='bbox 1661 2239 1699 2280; x_wconf 93' lang='lat'>6.</span> <span class='ocrx_word' id='word_1_344' title='bbox 1737 2238 1774 2287; x_wconf 91' lang='lat'>7,</span> <span class='ocrx_word' id='word_1_345' title='bbox 1815 2235 1937 2289; x_wconf 82' lang='lat' dir='ltr'>(SeX.</span> <span class='ocrx_word' id='word_1_346' title='bbox 1981 2233 2112 2288; x_wconf 91' lang='lat' dir='ltr'>Iulio)</span> 
     </span>
     <span class='ocr_line' id='line_1_31' title="bbox 384 2301 2113 2361; baseline 0.002 -18"><span class='ocrx_word' id='word_1_347' title='bbox 384 2302 593 2344; x_wconf 86' lang='lat' dir='ltr'>Frontino</span> <span class='ocrx_word' id='word_1_348' title='bbox 640 2301 823 2354; x_wconf 74' lang='lat' dir='ltr'>(consule</span> <span class='ocrx_word' id='word_1_349' title='bbox 867 2303 1021 2345; x_wconf 76' lang='lat' dir='ltr'>iterum</span> <span class='ocrx_word' id='word_1_350' title='bbox 1065 2317 1191 2346; x_wconf 74' lang='lat' dir='ltr'>mens.</span> <span class='ocrx_word' id='word_1_351' title='bbox 1236 2303 1366 2346; x_wconf 83' lang='lat' dir='ltr'>Febr.</span> <span class='ocrx_word' id='word_1_352' title='bbox 1414 2319 1454 2347; x_wconf 92' lang='lat' dir='ltr'>a.</span> <span class='ocrx_word' id='word_1_353' title='bbox 1494 2306 1566 2361; x_wconf 84' lang='grc'>98)</span> <span class='ocrx_word' id='word_1_354' title='bbox 1614 2304 1797 2346; x_wconf 89' lang='lat' dir='ltr'>alterum</span> <span class='ocrx_word' id='word_1_355' title='bbox 1843 2303 2113 2346; x_wconf 82' lang='lat' dir='ltr'>consulatum</span> 
     </span>
     <span class='ocr_line' id='line_1_32' title="bbox 384 2369 2115 2429; baseline 0.002 -18"><span class='ocrx_word' id='word_1_356' title='bbox 384 2369 538 2426; x_wconf 87' lang='lat' dir='ltr'>adepto</span> <span class='ocrx_word' id='word_1_357' title='bbox 569 2374 635 2421; x_wconf 88' lang='lat'>10,</span> <span class='ocrx_word' id='word_1_358' title='bbox 666 2373 732 2425; x_wconf 85' lang='lat'>48,</span> <span class='ocrx_word' id='word_1_359' title='bbox 764 2374 834 2415; x_wconf 92' lang='grc'>20.</span> <span class='ocrx_word' id='word_1_360' title='bbox 888 2371 1054 2414; x_wconf 90' lang='lat' dir='ltr'>Eodem</span> <span class='ocrx_word' id='word_1_361' title='bbox 1086 2378 1278 2428; x_wconf 90' lang='lat' dir='ltr'>tempore</span> <span class='ocrx_word' id='word_1_362' title='bbox 1308 2372 1547 2415; x_wconf 88' lang='lat' dir='ltr'>rediturum</span> <span class='ocrx_word' id='word_1_363' title='bbox 1579 2388 1624 2414; x_wconf 87' lang='lat' dir='ltr'>se</span> <span class='ocrx_word' id='word_1_364' title='bbox 1654 2374 1699 2414; x_wconf 89' lang='lat' dir='ltr'>in</span> <span class='ocrx_word' id='word_1_365' title='bbox 1729 2374 1913 2429; x_wconf 87' lang='lat' dir='ltr'>patriam</span> <span class='ocrx_word' id='word_1_366' title='bbox 1943 2373 2115 2415; x_wconf 86' lang='lat' dir='ltr'>nuntiat</span> 
     </span>
     <span class='ocr_line' id='line_1_33' title="bbox 383 2441 2112 2498; baseline 0.002 -18"><span class='ocrx_word' id='word_1_367' title='bbox 383 2442 449 2488; x_wconf 83' lang='lat'>10,</span> <span class='ocrx_word' id='word_1_368' title='bbox 483 2441 549 2489; x_wconf 90' lang='grc'>78,</span> <span class='ocrx_word' id='word_1_369' title='bbox 577 2442 628 2490; x_wconf 91' lang='grc'>9;</span> <span class='ocrx_word' id='word_1_370' title='bbox 658 2443 728 2489; x_wconf 89' lang='grc'>92,</span> <span class='ocrx_word' id='word_1_371' title='bbox 761 2442 837 2491; x_wconf 85' lang='grc'><em>15,·</em></span> <span class='ocrx_word' id='word_1_372' title='bbox 867 2443 932 2490; x_wconf 86' lang='grc'>96,</span> <span class='ocrx_word' id='word_1_373' title='bbox 965 2443 1015 2491; x_wconf 89' lang='grc'>3,·</span> <span class='ocrx_word' id='word_1_374' title='bbox 1043 2443 1137 2491; x_wconf 93' lang='grc'><em>103,</em></span> <span class='ocrx_word' id='word_1_375' title='bbox 1168 2444 1242 2492; x_wconf 89' lang='grc'><em>11,·</em></span> <span class='ocrx_word' id='word_1_376' title='bbox 1270 2445 1364 2492; x_wconf 83' lang='grc'><em>104,</em></span> <span class='ocrx_word' id='word_1_377' title='bbox 1396 2444 1461 2483; x_wconf 89' lang='grc'>13.</span> <span class='ocrx_word' id='word_1_378' title='bbox 1512 2441 1791 2484; x_wconf 85' lang='lat' dir='ltr'>Secedentem</span> <span class='ocrx_word' id='word_1_379' title='bbox 1824 2442 1980 2484; x_wconf 85' lang='lat' dir='ltr'>viatico</span> <span class='ocrx_word' id='word_1_380' title='bbox 2015 2455 2112 2498; x_wconf 85' lang='lat' dir='ltr'>pro-</span> 
     </span>
     <span class='ocr_line' id='line_1_34' title="bbox 385 2507 2114 2566; baseline 0.003 -20"><span class='ocrx_word' id='word_1_381' title='bbox 385 2507 581 2562; x_wconf 88' lang='lat' dir='ltr'>sequitur</span> <span class='ocrx_word' id='word_1_382' title='bbox 611 2507 780 2549; x_wconf 88' lang='lat' dir='ltr'>Plinius</span> <span class='ocrx_word' id='word_1_383' title='bbox 812 2508 930 2550; x_wconf 74' lang='lat' dir='ltr'>Pliri.</span> <span class='ocrx_word' id='word_1_384' title='bbox 959 2523 1022 2562; x_wconf 72' lang='lat' dir='ltr'>ep.</span> <span class='ocrx_word' id='word_1_385' title='bbox 1053 2512 1092 2560; x_wconf 91' lang='grc'>3,</span> <span class='ocrx_word' id='word_1_386' title='bbox 1123 2512 1194 2559; x_wconf 92' lang='grc'>21,</span> <span class='ocrx_word' id='word_1_387' title='bbox 1221 2513 1260 2552; x_wconf 95' lang='grc'>1.</span> <span class='ocrx_word' id='word_1_388' title='bbox 1320 2510 1537 2552; x_wconf 87' lang='lat' dir='ltr'>Reversus</span> <span class='ocrx_word' id='word_1_389' title='bbox 1572 2511 1614 2551; x_wconf 91' lang='lat' dir='ltr'>in</span> <span class='ocrx_word' id='word_1_390' title='bbox 1650 2511 1832 2566; x_wconf 89' lang='lat' dir='ltr'>patriam</span> <span class='ocrx_word' id='word_1_391' title='bbox 1863 2509 2040 2552; x_wconf 89' lang='lat' dir='ltr'>domum</span> <span class='ocrx_word' id='word_1_392' title='bbox 2070 2514 2114 2551; x_wconf 82' lang='lat' dir='ltr'>et</span> 
     </span>
     <span class='ocr_line' id='line_1_35' title="bbox 387 2574 2114 2634; baseline 0.003 -19"><span class='ocrx_word' id='word_1_393' title='bbox 387 2574 611 2628; x_wconf 89' lang='lat' dir='ltr'>praedium</span> <span class='ocrx_word' id='word_1_394' title='bbox 633 2575 745 2618; x_wconf 91' lang='lat' dir='ltr'>dono</span> <span class='ocrx_word' id='word_1_395' title='bbox 767 2578 926 2633; x_wconf 86' lang='lat' dir='ltr'>accipit</span> <span class='ocrx_word' id='word_1_396' title='bbox 945 2592 970 2619; x_wconf 89' lang='lat' dir='ltr'>a</span> <span class='ocrx_word' id='word_1_397' title='bbox 991 2577 1199 2619; x_wconf 89' lang='lat' dir='ltr'>Marcella</span> <span class='ocrx_word' id='word_1_398' title='bbox 1219 2578 1406 2634; x_wconf 88' lang='lat' dir='ltr'>quadam</span> <span class='ocrx_word' id='word_1_399' title='bbox 1426 2581 1496 2628; x_wconf 91' lang='grc'>12,</span> <span class='ocrx_word' id='word_1_400' title='bbox 1517 2581 1583 2622; x_wconf 85' lang='grc'>31.</span> <span class='ocrx_word' id='word_1_401' title='bbox 1615 2579 1720 2620; x_wconf 88' lang='lat' dir='ltr'>Post</span> <span class='ocrx_word' id='word_1_402' title='bbox 1743 2578 1963 2620; x_wconf 89' lang='lat' dir='ltr'>silentium</span> <span class='ocrx_word' id='word_1_403' title='bbox 1982 2578 2114 2620; x_wconf 86' lang='lat' dir='ltr'>trium</span> 
     </span>
     <span class='ocr_line' id='line_1_36' title="bbox 384 2643 2114 2702; baseline 0.003 -19"><span class='ocrx_word' id='word_1_404' title='bbox 384 2657 595 2684; x_wconf 87' lang='lat' dir='ltr'>annorum</span> <span class='ocrx_word' id='word_1_405' title='bbox 629 2643 758 2696; x_wconf 72' lang='lat' dir='ltr'>(anno</span> <span class='ocrx_word' id='word_1_406' title='bbox 794 2646 928 2699; x_wconf 70' lang='lat' dir='ltr'>iyitar</span> <span class='ocrx_word' id='word_1_407' title='bbox 958 2648 1056 2701; x_wconf 88' lang='lat'><em>101)</em></span> <span class='ocrx_word' id='word_1_408' title='bbox 1093 2646 1183 2688; x_wconf 91' lang='lat' dir='ltr'>edit</span> <span class='ocrx_word' id='word_1_409' title='bbox 1219 2647 1577 2702; x_wconf 87' lang='lat' dir='ltr'>epigrammatum</span> <span class='ocrx_word' id='word_1_410' title='bbox 1612 2646 1774 2689; x_wconf 91' lang='lat' dir='ltr'>librum</span> <span class='ocrx_word' id='word_1_411' title='bbox 1809 2646 2114 2690; x_wconf 90' lang='lat' dir='ltr'>duodecimum</span> 
     </span>
     <span class='ocr_line' id='line_1_37' title="bbox 384 2712 2112 2769; baseline 0.003 -17"><span class='ocrx_word' id='word_1_412' title='bbox 384 2713 442 2753; x_wconf 91' lang='grc'>12</span> <span class='ocrx_word' id='word_1_413' title='bbox 454 2712 611 2765; x_wconf 69' lang='lat' dir='ltr'>praef„</span> <span class='ocrx_word' id='word_1_414' title='bbox 636 2712 704 2766; x_wconf 91' lang='lat' dir='ltr'><em>(L.</em></span> <span class='ocrx_word' id='word_1_415' title='bbox 722 2712 951 2769; x_wconf 85' lang='lat' dir='ltr'>Arruntio)</span> <span class='ocrx_word' id='word_1_416' title='bbox 973 2714 1107 2757; x_wconf 85' lang='lat' dir='ltr'>Stella</span> <span class='ocrx_word' id='word_1_417' title='bbox 1127 2716 1213 2756; x_wconf 89' lang='lat' dir='ltr'>iam</span> <span class='ocrx_word' id='word_1_418' title='bbox 1234 2714 1412 2757; x_wconf 87' lang='lat' dir='ltr'>consule</span> <span class='ocrx_word' id='word_1_419' title='bbox 1432 2715 1503 2757; x_wconf 89' lang='lat' dir='ltr'>vel</span> <span class='ocrx_word' id='word_1_420' title='bbox 1523 2722 1639 2758; x_wconf 86' lang='lat' dir='ltr'>certe</span> <span class='ocrx_word' id='word_1_421' title='bbox 1661 2714 1931 2758; x_wconf 90' lang='lat' dir='ltr'>consulatum</span> <span class='ocrx_word' id='word_1_422' title='bbox 1951 2715 2112 2758; x_wconf 82' lang='lat' dir='ltr'>iriituro</span> 
     </span>
     <span class='ocr_line' id='line_1_38' title="bbox 384 2781 2236 2843; baseline 0.004 -24"><span class='ocrx_word' id='word_1_423' title='bbox 384 2781 453 2828; x_wconf 88' lang='lat'>12,</span> <span class='ocrx_word' id='word_1_424' title='bbox 485 2782 524 2829; x_wconf 91' lang='lat'>3,</span> <span class='ocrx_word' id='word_1_425' title='bbox 556 2784 610 2821; x_wconf 88' lang='lat'>10</span> <span class='ocrx_word' id='word_1_426' title='bbox 639 2794 721 2834; x_wconf 75' lang='lat' dir='ltr'>seq.</span> <span class='ocrx_word' id='word_1_427' title='bbox 779 2782 966 2825; x_wconf 87' lang='lat' dir='ltr'>Mortem</span> <span class='ocrx_word' id='word_1_428' title='bbox 1007 2784 1098 2825; x_wconf 88' lang='lat' dir='ltr'>eius</span> <span class='ocrx_word' id='word_1_429' title='bbox 1133 2783 1301 2840; x_wconf 87' lang='lat' dir='ltr'>plangit</span> <span class='ocrx_word' id='word_1_430' title='bbox 1331 2783 1498 2826; x_wconf 86' lang='lat' dir='ltr'>Plinius</span> <span class='ocrx_word' id='word_1_431' title='bbox 1529 2799 1591 2839; x_wconf 75' lang='lat' dir='ltr'>ep.</span> <span class='ocrx_word' id='word_1_432' title='bbox 1621 2787 1661 2835; x_wconf 89' lang='lat'>3,</span> <span class='ocrx_word' id='word_1_433' title='bbox 1692 2787 1750 2828; x_wconf 87' lang='grc'>21</span> <span class='ocrx_word' id='word_1_434' title='bbox 1779 2785 1902 2840; x_wconf 77' lang='lat' dir='ltr'>(quae</span> <span class='ocrx_word' id='word_1_435' title='bbox 1930 2784 2113 2839; x_wconf 76' lang='lat' dir='ltr'>epistula</span> <span class='ocrx_word' id='word_1_436' title='bbox 2217 2823 2236 2843; x_wconf 18' lang='grc' dir='ltr'>,ρ</span> 
     </span>
     <span class='ocr_line' id='line_1_39' title="bbox 381 2846 2236 2906; baseline 0.005 -19"><span class='ocrx_word' id='word_1_437' title='bbox 381 2846 452 2887; x_wconf 70' lang='lat' dir='ltr'>vio:</span> <span class='ocrx_word' id='word_1_438' title='bbox 481 2848 642 2902; x_wconf 72' lang='lat' dir='ltr'>scripta</span> <span class='ocrx_word' id='word_1_439' title='bbox 672 2852 732 2891; x_wconf 89' lang='lat' dir='ltr'>est</span> <span class='ocrx_word' id='word_1_440' title='bbox 753 2853 854 2903; x_wconf 74' lang='lat' dir='ltr'>post</span> <span class='ocrx_word' id='word_1_441' title='bbox 883 2865 1041 2893; x_wconf 69' lang='lat' dir='ltr'>armum</span> <span class='ocrx_word' id='word_1_442' title='bbox 1071 2854 1174 2903; x_wconf 88' lang='lat'><em>104;</em></span> <span class='ocrx_word' id='word_1_443' title='bbox 1202 2852 1406 2906; x_wconf 75' lang='lat' dir='ltr'>seri10tam</span> <span class='ocrx_word' id='word_1_444' title='bbox 1433 2866 1519 2895; x_wconf 89' lang='lat' dir='ltr'>esse</span> <span class='ocrx_word' id='word_1_445' title='bbox 1550 2867 1661 2895; x_wconf 77' lang='lat' dir='ltr'>omno</span> <span class='ocrx_word' id='word_1_446' title='bbox 1682 2856 1773 2903; x_wconf 90' lang='lat'><em>101,</em></span> <span class='ocrx_word' id='word_1_447' title='bbox 1803 2856 1852 2895; x_wconf 79' lang='lat' dir='ltr'>ut</span> <span class='ocrx_word' id='word_1_448' title='bbox 1881 2852 1993 2896; x_wconf 84' lang='lat' dir='ltr'>alias</span> <span class='ocrx_word' id='word_1_449' title='bbox 2023 2852 2113 2895; x_wconf 81' lang='lat' dir='ltr'>eius</span> <span class='ocrx_word' id='word_1_450' title='bbox 2178 2853 2236 2884; x_wconf 69' lang='lat'>15,</span> 
     </span>
     <span class='ocr_line' id='line_1_40' title="bbox 388 2914 2113 2972; baseline 0.004 -17"><span class='ocrx_word' id='word_1_451' title='bbox 388 2914 510 2965; x_wconf 79' lang='lat' dir='ltr'>libri,</span> <span class='ocrx_word' id='word_1_452' title='bbox 562 2919 685 2970; x_wconf 80' lang='lat' dir='ltr'>atque</span> <span class='ocrx_word' id='word_1_453' title='bbox 734 2932 780 2960; x_wconf 89' lang='lat' dir='ltr'>eo</span> <span class='ocrx_word' id='word_1_454' title='bbox 824 2919 917 2972; x_wconf 75' lang='lat' dir='ltr'>ipso</span> <span class='ocrx_word' id='word_1_455' title='bbox 962 2934 1073 2962; x_wconf 81' lang='lat' dir='ltr'>armo</span> <span class='ocrx_word' id='word_1_456' title='bbox 1118 2920 1336 2963; x_wconf 73' lang='lat' dir='ltr'>decessisse</span> <span class='ocrx_word' id='word_1_457' title='bbox 1380 2921 1632 2964; x_wconf 76' lang='lat' dir='ltr'>Martialem</span> <span class='ocrx_word' id='word_1_458' title='bbox 1674 2922 1825 2964; x_wconf 80' lang='lat' dir='ltr'>statuit</span> <span class='ocrx_word' id='word_1_459' title='bbox 1875 2921 2113 2964; x_wconf 80' lang='lat' dir='ltr'>Mommsen</span> 
     </span>
     <span class='ocr_line' id='line_1_41' title="bbox 386 2982 2111 3044; baseline 0.005 -21"><span class='ocrx_word' id='word_1_460' title='bbox 386 2982 532 3024; x_wconf 86' lang='lat' dir='ltr'>Herm.</span> <span class='ocrx_word' id='word_1_461' title='bbox 554 2987 595 3033; x_wconf 89' lang='lat'>3,</span> <span class='ocrx_word' id='word_1_462' title='bbox 616 2983 698 3038; x_wconf 88' lang='lat'><em>43).</em></span> <span class='ocrx_word' id='word_1_463' title='bbox 743 2986 813 3026; x_wconf 91' lang='lat' dir='ltr'>De</span> <span class='ocrx_word' id='word_1_464' title='bbox 840 2986 955 3028; x_wconf 87' lang='lat' dir='ltr'>fama</span> <span class='ocrx_word' id='word_1_465' title='bbox 986 3002 1113 3044; x_wconf 91' lang='lat' dir='ltr'>quam</span> <span class='ocrx_word' id='word_1_466' title='bbox 1146 2994 1298 3031; x_wconf 88' lang='lat' dir='ltr'>nactus</span> <span class='ocrx_word' id='word_1_467' title='bbox 1331 2994 1423 3031; x_wconf 89' lang='lat' dir='ltr'>erat</span> <span class='ocrx_word' id='word_1_468' title='bbox 1451 2989 1539 3043; x_wconf 58' lang='lat' dir='ltr'>ispse</span> <span class='ocrx_word' id='word_1_469' title='bbox 1564 2992 1601 3040; x_wconf 88' lang='lat'>1,</span> <span class='ocrx_word' id='word_1_470' title='bbox 1623 2993 1663 3032; x_wconf 94' lang='lat'>1.</span> <span class='ocrx_word' id='word_1_471' title='bbox 1692 2992 1731 3040; x_wconf 88' lang='lat'>3,</span> <span class='ocrx_word' id='word_1_472' title='bbox 1752 2991 1817 3040; x_wconf 89' lang='grc'>95,</span> <span class='ocrx_word' id='word_1_473' title='bbox 1842 2992 1879 3031; x_wconf 93' lang='grc'>7.</span> <span class='ocrx_word' id='word_1_474' title='bbox 1909 2991 1948 3040; x_wconf 87' lang='grc'>5,</span> <span class='ocrx_word' id='word_1_475' title='bbox 1979 2991 2045 3040; x_wconf 88' lang='grc'>13,</span> <span class='ocrx_word' id='word_1_476' title='bbox 2070 2991 2111 3031; x_wconf 89' lang='grc'>3.</span> 
     </span>
     <span class='ocr_line' id='line_1_42' title="bbox 387 3054 2112 3113; baseline 0.008 -22"><span class='ocrx_word' id='word_1_477' title='bbox 387 3054 424 3100; x_wconf 80' lang='lat' dir='ltr'>e,</span> <span class='ocrx_word' id='word_1_478' title='bbox 452 3054 522 3101; x_wconf 78' lang='lat'>82,</span> <span class='ocrx_word' id='word_1_479' title='bbox 550 3055 587 3094; x_wconf 91' lang='lat'>4.</span> <span class='ocrx_word' id='word_1_480' title='bbox 631 3056 667 3102; x_wconf 83' lang='lat'>7,</span> <span class='ocrx_word' id='word_1_481' title='bbox 698 3056 765 3096; x_wconf 88' lang='grc'>88.</span> <span class='ocrx_word' id='word_1_482' title='bbox 805 3057 845 3104; x_wconf 91' lang='grc'>8,</span> <span class='ocrx_word' id='word_1_483' title='bbox 872 3058 923 3105; x_wconf 81' lang='grc'>3;</span> <span class='ocrx_word' id='word_1_484' title='bbox 964 3060 1027 3107; x_wconf 84' lang='lat'>61,</span> <span class='ocrx_word' id='word_1_485' title='bbox 1059 3060 1098 3098; x_wconf 85' lang='lat'>3.</span> <span class='ocrx_word' id='word_1_486' title='bbox 1135 3060 1173 3107; x_wconf 89' lang='lat'>9,</span> <span class='ocrx_word' id='word_1_487' title='bbox 1205 3060 1272 3108; x_wconf 89' lang='grc'>84,</span> <span class='ocrx_word' id='word_1_488' title='bbox 1302 3059 1342 3100; x_wconf 86' lang='lat'>5.</span> <span class='ocrx_word' id='word_1_489' title='bbox 1374 3061 1438 3108; x_wconf 92' lang='lat'>11,</span> <span class='ocrx_word' id='word_1_490' title='bbox 1471 3061 1512 3100; x_wconf 83' lang='lat'>3.</span> <span class='ocrx_word' id='word_1_491' title='bbox 1573 3058 1686 3100; x_wconf 81' lang='lat' dir='ltr'>Eum</span> <span class='ocrx_word' id='word_1_492' title='bbox 1714 3057 1956 3113; x_wconf 81' lang='lat' dir='ltr'>Vergilium</span> <span class='ocrx_word' id='word_1_493' title='bbox 1985 3071 2112 3100; x_wconf 80' lang='lat' dir='ltr'>suum</span> 
     </span>
     <span class='ocr_line' id='line_1_43' title="bbox 388 3117 2110 3178; baseline 0.008 -20"><span class='ocrx_word' id='word_1_494' title='bbox 388 3117 552 3160; x_wconf 91' lang='lat' dir='ltr'>dictum</span> <span class='ocrx_word' id='word_1_495' title='bbox 581 3135 673 3162; x_wconf 90' lang='lat' dir='ltr'>esse</span> <span class='ocrx_word' id='word_1_496' title='bbox 704 3122 758 3163; x_wconf 89' lang='lat' dir='ltr'>ab</span> <span class='ocrx_word' id='word_1_497' title='bbox 788 3122 839 3166; x_wconf 94' lang='lat' dir='ltr'>L.</span> <span class='ocrx_word' id='word_1_498' title='bbox 862 3122 987 3165; x_wconf 89' lang='lat' dir='ltr'>Aelio</span> <span class='ocrx_word' id='word_1_499' title='bbox 1021 3124 1218 3175; x_wconf 83' lang='lat' dir='ltr'>Caesare,</span> <span class='ocrx_word' id='word_1_500' title='bbox 1249 3133 1453 3169; x_wconf 89' lang='lat' dir='ltr'>narratur</span> <span class='ocrx_word' id='word_1_501' title='bbox 1481 3127 1553 3169; x_wconf 80' lang='lat' dir='ltr'>vit.</span> <span class='ocrx_word' id='word_1_502' title='bbox 1573 3126 1669 3169; x_wconf 88' lang='lat' dir='ltr'>Ael.</span> <span class='ocrx_word' id='word_1_503' title='bbox 1690 3129 1728 3178; x_wconf 89' lang='lat'>5,</span> <span class='ocrx_word' id='word_1_504' title='bbox 1750 3130 1789 3171; x_wconf 89' lang='lat'>9.</span> <span class='ocrx_word' id='word_1_505' title='bbox 1841 3126 2010 3170; x_wconf 84' lang='lat' dir='ltr'>Citatur</span> <span class='ocrx_word' id='word_1_506' title='bbox 2038 3126 2110 3169; x_wconf 80' lang='lat' dir='ltr'>vit.</span> 
     </span>
     <span class='ocr_line' id='line_1_44' title="bbox 388 3185 2157 3249; baseline 0.008 -23"><span class='ocrx_word' id='word_1_507' title='bbox 388 3185 481 3226; x_wconf 77' lang='lat' dir='ltr'>Sev.</span> <span class='ocrx_word' id='word_1_508' title='bbox 512 3187 636 3230; x_wconf 70' lang='lat' dir='ltr'>Alex.</span> <span class='ocrx_word' id='word_1_509' title='bbox 666 3191 732 3239; x_wconf 88' lang='grc'>38,</span> <span class='ocrx_word' id='word_1_510' title='bbox 765 3193 808 3232; x_wconf 88' lang='grc'>2.</span> <span class='ocrx_word' id='word_1_511' title='bbox 868 3191 1134 3235; x_wconf 85' lang='lat' dir='ltr'>Memoratur</span> <span class='ocrx_word' id='word_1_512' title='bbox 1165 3194 1312 3237; x_wconf 78' lang='lat' dir='ltr'>Sidon.</span> <span class='ocrx_word' id='word_1_513' title='bbox 1343 3194 1487 3248; x_wconf 71' lang='lat' dir='ltr'>Apoll.</span> <span class='ocrx_word' id='word_1_514' title='bbox 1518 3209 1648 3237; x_wconf 83' lang='lat' dir='ltr'>earm.</span> <span class='ocrx_word' id='word_1_515' title='bbox 1669 3198 1707 3249; x_wconf 92' lang='lat'>9,</span> <span class='ocrx_word' id='word_1_516' title='bbox 1728 3199 1824 3238; x_wconf 88' lang='grc'><em>267.</em></span> <span class='ocrx_word' id='word_1_517' title='bbox 2156 3195 2157 3198; x_wconf 58' lang='grc'>’</span> 
     </span>
     <span class='ocr_line' id='line_1_45' title="bbox 306 3251 2111 3319; baseline 0.008 -27"><span class='ocrx_word' id='word_1_518' title='bbox 306 3251 358 3292; x_wconf 86' lang='lat'>78</span> <span class='ocrx_word' id='word_1_519' title='bbox 390 3254 679 3309; x_wconf 76' lang='lat' dir='ltr'><strong>VALOERIVS)</strong></span> <span class='ocrx_word' id='word_1_520' title='bbox 710 3263 984 3300; x_wconf 85' lang='lat' dir='ltr'><strong>MATERNVS</strong></span> <span class='ocrx_word' id='word_1_521' title='bbox 1018 3260 1281 3304; x_wconf 87' lang='lat' dir='ltr'>clarissimus</span> <span class='ocrx_word' id='word_1_522' title='bbox 1311 3264 1506 3319; x_wconf 77' lang='lat' dir='ltr'>iuvenis3</span> <span class='ocrx_word' id='word_1_523' title='bbox 1548 3263 1682 3307; x_wconf 89' lang='lat' dir='ltr'>frater</span> <span class='ocrx_word' id='word_1_524' title='bbox 1710 3263 1875 3306; x_wconf 87' lang='lat' dir='ltr'>Valerii</span> <span class='ocrx_word' id='word_1_525' title='bbox 1905 3262 2111 3308; x_wconf 79' lang='lat' dir='ltr'>Crescen-</span> 
     </span>
     <span class='ocr_line' id='line_1_46' title="bbox 392 3320 1256 3382; baseline 0.015 -22"><span class='ocrx_word' id='word_1_526' title='bbox 392 3320 508 3374; x_wconf 89' lang='lat' dir='ltr'>tiani,</span> <span class='ocrx_word' id='word_1_527' title='bbox 543 3324 697 3378; x_wconf 89' lang='lat' dir='ltr'>equitis</span> <span class='ocrx_word' id='word_1_528' title='bbox 729 3339 836 3380; x_wconf 89' lang='lat' dir='ltr'>equo</span> <span class='ocrx_word' id='word_1_529' title='bbox 867 3325 1039 3382; x_wconf 89' lang='lat' dir='ltr'>publico</span> <span class='ocrx_word' id='word_1_530' title='bbox 1073 3328 1256 3373; x_wconf 87' lang='lat' dir='ltr'><em>V5729.</em></span> 
     </span>
    </p>
   </div>
   <div class='ocr_carea' id='block_1_4' title="bbox 2197 2570 2242 3672">
    <p class='ocr_par' dir='ltr' id='par_1_4' title="bbox 2197 2570 2242 3672">
     <span class='ocr_line' id='line_1_47' title="bbox 2197 2570 2242 3672; baseline 0 0"><span class='ocrx_word' id='word_1_531' title='bbox 2197 2570 2242 3672; x_wconf 95' lang='lat' dir='ltr'> </span> 
     </span>
    </p>
   </div>
  </div>
 </body>
</html>
