2242 3672
281 274 608 311 THOTHORSES
1147 266 1232 308 314
1324 270 1326 272 “
1763 273 2088 316 THRASYLLVS,

366 404 575 459 Paphlay.
592 402 710 445 Bith.
723 417 770 456 10.
788 404 881 451 179,
896 400 951 455 5),
973 401 1190 443 Nicaeuus
1211 415 1280 455 ap.
1299 401 1497 444 Miounet
1510 402 1572 445 II
1581 405 1675 454 450,
1692 407 1777 447 211
1797 417 1891 446 oum
1905 404 2093 460 Auyusti

367 474 514 527 capite,
547 471 741 524 inscripti
769 469 840 512 ille
871 471 933 512 ἐπὶ
960 471 1187 512 ἀνθυπάτου
1211 469 1368 527 Θωρίου
1399 471 1600 523 Φλάκκυυ,
1632 471 1701 514 hic
1731 473 1794 515 ἐπὶ
1824 473 2089 529 ἀνθυπάτο(υ)

367 540 560 597 Θωρίο(υ)
593 538 735 591 (etiam
764 538 810 580 iu
840 537 925 580 alio
954 552 1122 580 nummo
1155 538 1479 590 Nicomediensi‚
1512 540 1588 594 qui
1617 539 1704 582 loeo
1735 541 1888 595 eapitis
1906 540 2094 597 Auyusti

364 609 565 650 Iunonem
605 606 784 659 exhibet,
839 606 892 659 cf.
935 619 1080 660 supra,
1120 620 1206 648 riou
1246 609 1363 649 extat
1400 607 1487 649 uisi
1529 609 1592 650 ἐπὶ
1631 608 1860 652 ἀνθυπάτου
1900 608 2089 666 Θωρίου).

366 675 595 718 Nummum
626 673 984 716 Nicomediensem
1013 675 1087 728 qui
1121 678 1250 729 caput
1278 675 1467 730 Auyusti
1494 676 1659 720 exhibet
1688 690 1831 720 cusum
1860 691 1946 721 esse
1975 680 2092 722 cirea

362 757 519 785 cinnum
549 746 633 785 726
654 742 847 784 'coniecit
882 741 1147 785 Cavedouius
1178 757 1275 787 arm.
1307 743 1405 789 inst.
1439 744 1554 787 arch.
1586 747 1695 788 1850
1725 748 1901 800 p.198-,
1938 745 2090 790 collato

362 825 529 853 nummo
548 811 734 865 Auyusti
752 811 908 853 Latine
927 810 1133 865 inscripto
1155 825 1253 854 cuso
1274 826 1387 854 armo
1407 815 1493 856 726
1513 827 1582 867 ap.
1600 813 1741 856 Coheu
1761 817 1788 855 1
1809 813 1871 857 ed.
1891 817 1988 873 21⁰·
2002 818 2091 858 298

361 894 402 922 u.
433 882 539 929 218,
579 893 698 933 quem
737 882 777 920 et
810 879 949 933 ipsum
985 879 1259 922 Nicomediae
1295 894 1439 923 cusum
1472 895 1557 924 esse
1595 882 1772 925 coniecit
1814 883 1878 938 (in
1915 885 2090 937 utroque

361 962 527 990 mammo
569 951 629 989 est
665 947 765 989 Pax
807 947 926 1001 dea);
974 951 1022 990 ut
1071 948 1257 991 Thorius
1297 949 1487 992 Flaccus
1524 950 1756 1004 proconsul
1798 951 1931 1004 fuerit
1974 952 2091 994 cirea

366 1030 521 1058 armum
564 1019 669 1067 7265
716 1016 790 1058 sed
826 1030 894 1059 res
914 1033 916 1036 ·
934 1017 1097 1059 ineerta
1136 1020 1208 1060 est.
1260 1043 1310 1048 —
1357 1018 1563 1061 Fortasse
1601 1018 1728 1062 huius
1766 1018 1915 1062 Flacci
1955 1019 2090 1063 Thori

361 1085 496 1140 pistor
527 1084 594 1126 VI
615 1087 738 1128 9732.

281 1153 359 1194 135
392 1151 667 1207 Thothorses,
702 1168 781 1195 rex
812 1154 995 1209 Bospori
1022 1153 1077 1196 ab
1108 1169 1221 1196 anno
1243 1169 1330 1198 aer.
1355 1155 1484 1211 Bosp.
1509 1155 1736 1198 575-604
1757 1155 2090 1210 (278l9-307l8

361 1236 401 1276 p.
434 1220 577 1275 Chr),
618 1237 841 1264 successor
870 1223 1043 1264 Tiranis
1079 1223 1219 1278 (iufra
1247 1237 1289 1266 u.
1320 1223 1418 1278 174)
1456 1225 1619 1266 nummi
1647 1239 1716 1279 ap.
1749 1224 1925 1268 Koehne
1952 1227 2091 1269 muse'e

362 1289 656 1344 Kotselioubey
685 1291 746 1332 II
763 1305 813 1344 p.
838 1293 926 1333 357
942 1305 1039 1345 seq„
1072 1291 1352 1334 Oreselmikov
1377 1292 1504 1334 catal.
1530 1307 1686 1336 numm.
1715 1293 1917 1337 Uvarovii
1927 1309 1977 1348 p.
1994 1297 2088 1345 118,

359 1359 557 1412 inseripti
586 1359 782 1415 βασιλέως
812 1359 1018 1416 Θοθόρσου
1050 1360 1114 1402 vel
1144 1359 1376 1417 Θοθώρσου.
1443 1360 1510 1415 Of.
1537 1362 1769 1417 Latysebev
1799 1362 1927 1406 inser.
1960 1362 2092 1405 Ponti

359 1427 473 1469 Euat.
499 1427 561 1469 II
578 1429 725 1482 praef.
751 1443 800 1482 p.
826 1429 931 1471 LII.

277 1496 377 1537 1352
409 1495 614 1550 Thrasea,
647 1496 875 1551 chirurgus
901 1496 1153 1540 Scribonius
1178 1498 1351 1552 Laryus
1379 1500 1479 1541 204.
1509 1501 1609 1542 208.

287 1588 344 1592 —
387 1571 428 1607 P.
460 1571 671 1606 CLODIVS
702 1572 934 1607 THRASEA
964 1572 1170 1608 PAETVS.

287 1656 343 1661 --
387 1639 431 1674 L.
462 1638 722 1676 VALERIVS‘
744 1640 1010 1676 MESSALLA
1039 1641 1272 1677 THRASEA
1301 1642 1519 1678 PRISOVS.

279 1701 359 1742 136
390 1701 710 1758 Thrasybulus,
772 1703 1123 1758 mathematicus,
1184 1705 1471 1746 amicissimus
1528 1705 1679 1748 Severi
1727 1704 1970 1747 Alexandri
2016 1706 2089 1748 vit.

361 1769 484 1812 Alex.
515 1774 583 1821 62,
615 1774 658 1814 2.

290 1862 347 1866 —
391 1838 534 1880 Eunia
565 1838 808 1896 Thrasylla.

280 1906 356 1948 137
389 1906 654 1963 ThrasylluS,
687 1908 1014 1951 mathematicus
1048 1909 1165 1953 Suet.
1192 1910 1285 1953 Tib.
1313 1914 1379 1961 14,
1410 1910 1510 1953 Gai.
1534 1914 1598 1965 19,
1632 1911 1756 1953 cuius
1788 1910 1967 1954 consilio
1998 1917 2086 1954 ute-

361 1975 487 2017 batur
516 1971 718 2018 Tiberius
758 1983 800 2019 et
840 1983 940 2019 ante
968 1978 1261 2034 principatum
1293 1986 1335 2021 et
1370 1979 1570 2035 princeps
1600 1978 1688 2021 Dio
1717 1982 1783 2030 55,
1815 1982 1879 2022 11.
1919 1982 1986 2030 57,
2018 1981 2086 2022 15.

361 2044 471 2085 Eum
503 2050 549 2086 ut
579 2046 815 2101 sapientiae
845 2046 1129 2102 professorem
1161 2047 1444 2090 contubernio
1470 2047 1723 2089 admoverat
1748 2047 1949 2091 Tiberius
1970 2047 2087 2091 Suet.

366 2112 455 2153 Tib.
486 2116 539 2154 14
584 2113 856 2167 (‘multarum
894 2116 1053 2158 artium
1093 2116 1317 2158 scientiam
1358 2116 1578 2172 professus
1618 2123 1833 2172 postremo
1878 2131 1924 2159 se
1968 2116 2087 2159 dedit

362 2179 611 2223 Platonicae
651 2189 813 2236 sectae,
856 2198 907 2224 ac
944 2183 1100 2225 deinde
1140 2184 1344 2239 mathesi,
1385 2199 1472 2240 qua
1512 2185 1744 2240 praecipue
1783 2185 1927 2239 viguit
1969 2184 2084 2241 apud

359 2247 596 2291 Tiberium³
630 2250 757 2293 schol.
782 2251 876 2294 Iuv.
898 2255 936 2302 6,
957 2254 1068 2304 576).
1128 2251 1197 2294 Ab
1228 2267 1276 2293 eo
1308 2251 1451 2294 Rhodi
1483 2254 1540 2306 (a.
1562 2267 1602 2293 u.
1623 2267 1658 2293 c.
1683 2253 1926 2307 748—755)
1958 2253 2084 2296 Chal-

362 2316 567 2359 daeorum
596 2325 733 2360 artem
764 2319 916 2361 didicit
945 2320 1149 2362 Tiberius
1186 2321 1284 2364 Tae.
1314 2335 1353 2364 a.
1385 2324 1423 2371 6,
1454 2324 1513 2364 20
1543 2322 1597 2374 cf.
1628 2320 1718 2363 Dio
1747 2323 1814 2372 55,
1843 2325 1911 2364 11.
1971 2321 2086 2375 Quo-

361 2385 486 2426 modo
519 2386 740 2439 Tiberius,
781 2389 980 2444 peritiam
1022 2389 1115 2431 cius
1156 2390 1344 2445 experiri
1374 2388 1546 2440 volens,
1585 2403 1684 2431 eum
1715 2389 1855 2431 Rhodi
1892 2390 1937 2432 in
1966 2405 2085 2432 marc

362 2455 646 2510 praecipitare
676 2455 863 2498 voluerit
895 2457 995 2499 Tac.
1029 2472 1070 2500 a.
1101 2461 1138 2508 6,
1160 2461 1230 2508 21,
1265 2457 1382 2500 Suet.
1409 2458 1500 2500 Tib.
1522 2461 1587 2508 14,
1619 2457 1707 2499 Dio
1733 2459 1802 2508 55,
1824 2461 1877 2500 11
1907 2458 2083 2513 (Zonar.

359 2525 424 2572 10,
454 2522 537 2576 36),
568 2524 693 2566 schol.
725 2525 817 2568 Iuv.
848 2529 886 2576 6,
919 2528 1003 2568 576
1042 2527 1190 2583 (quem
1222 2526 1366 2568 dolum
1397 2541 1493 2568 cum
1524 2527 1784 2582 praesensit,
1816 2527 1928 2582 fugit
1955 2527 2082 2572 schol.

359 2590 450 2631 Iuv.
472 2591 611 2633 miuus
631 2595 859 2647 accurate).
905 2594 944 2636 A
967 2594 1141 2636 Tiberio
1165 2596 1277 2636 inter
1298 2595 1472 2637 intimos
1501 2596 1660 2637 amicos
1692 2601 1892 2651 receptus
1921 2594 2020 2639 Tac.
2042 2610 2082 2640 a.

354 2661 391 2710 6,
422 2661 499 2712 21,
548 2659 815 2703 familiariter
854 2663 967 2704 vixit
1006 2678 1104 2705 cum
1143 2662 1319 2705 Tiberio
1359 2662 1484 2705 schol.
1526 2663 1617 2705 Iuv.
1661 2662 1687 2707 l.
1720 2677 1753 2705 6.
1823 2663 1884 2706 Ut
1918 2663 2081 2705 amicus

361 2725 523 2768 Tiberii
563 2737 825 2772 memoratur
853 2731 1013 2773 Iulian.
1046 2746 1107 2785 ep.
1140 2731 1198 2773 ad
1231 2731 1507 2774 Themistium
1525 2746 1574 2785 p.
1596 2734 1680 2774 265
1688 2730 1725 2774 G
1731 2745 1745 2782 ‚·
1788 2730 1988 2774 Themist.
2021 2745 2080 2775 or.

362 2793 405 2837 V.
425 2794 505 2836 XI
508 2810 554 2849 p.
575 2800 638 2839 76.
660 2801 741 2840 173
760 2798 821 2840 ed.
844 2798 1043 2853 Diudorf
1057 2799 1274 2854 (Caesaris
1301 2799 1488 2854 Augusti
1519 2814 1661 2841 comes
1691 2799 1746 2841 ib.
1781 2798 1904 2841 VIII
1914 2813 1964 2853 p.
1981 2802 2080 2849 129,

359 2862 497 2904 miuus
517 2866 744 2920 accurate).
791 2866 844 2910 A.
866 2882 907 2922 p.
931 2867 1032 2911 Chr.
1059 2869 1113 2910 14
1140 2869 1185 2909 in
1215 2869 1415 2910 convivio
1446 2867 1635 2922 Augusti
1666 2875 1713 2909 ut
1742 2866 1906 2909 Tiberii
1937 2881 2080 2909 comes

361 2929 475 2972 Suet.
496 2931 606 2986 Auy.
632 2936 698 2975 98.
750 2934 924 2977 Tiberio
956 2950 1076 2991 spem
1106 2936 1313 2990 longioris
1344 2937 1458 2978 vitae
1488 2935 1592 2977 fecit
1622 2935 1738 2979 Suet.
1775 2936 1866 2978 Tib.
1890 2938 1959 2986 62,
1990 2934 2080 2977 Dio

358 3000 424 3047 58,
455 3002 526 3041 27.
588 3001 847 3044 Vaticinium
891 3004 981 3045 eius
1021 3004 1075 3046 de
1116 3005 1226 3048 Gaio
1268 3003 1385 3047 Suet.
1414 3003 1515 3048 Gai.
1548 3007 1614 3048 19.
1674 3004 1915 3047 Defunctus
1954 3018 1993 3046 a.
2023 3003 2079 3046 36

360 3065 446 3107 Dio
476 3069 543 3117 58,
575 3071 646 3110 27.
707 3069 972 3112 Memoratur
1001 3071 1144 3114 Iuveu.
1178 3075 1214 3122 6,
1246 3074 1339 3114 576.
1374 3097 1427 3101 ——
1466 3071 1670 3114 Fortasse
1709 3071 1777 3114 hio
1812 3072 1877 3126 (ut
1904 3071 2079 3114 coniecit

360 3133 635 3190 Hirschfeld),
665 3149 810 3190 nempe
840 3138 1048 3180 civitatem
1079 3139 1254 3193 adeptus
1275 3154 1358 3193 per
1385 3139 1599 3182 Tiberium
1619 3143 1715 3182 aute
1734 3139 1861 3182 huius
1891 3139 2089 3194 adepti&

361 3214 464 3254 uem,
494 3202 559 3246 Ti.
582 3202 790 3246 Claudius
811 3205 1079 3261 ThrasylluS,
1102 3209 1223 3250 cuius
1243 3207 1421 3250 libertus
1442 3208 1531 3250 III
1544 3208 1590 3251 S.
1615 3211 1723 3250 7107
1740 3207 2000 3262 (Smyrnae).
2023 3232 2074 3237 —

360 3267 498 3309 Filius
529 3270 620 3312 eius
641 3271 824 3313 Neronis
846 3273 1071 3328 imperium
1096 3274 1382 3330 (Ayrippiuae
1401 3278 1449 3318 ut
1467 3275 1648 3330 videtur)
1669 3275 1890 3332 praedixit
1914 3275 2012 3318 Tac.
2035 3290 2075 3318 a.

361 3338 398 3384 6,
427 3339 490 3378 22
520 3338 573 3390 ef.
603 3342 668 3389 14,
698 3342 737 3383 9.
768 3364 822 3368 —
854 3340 1025 3396 Scripta
1054 3343 1264 3398 quaedam
1290 3342 1482 3399 reliquit,
1515 3358 1595 3400 per
1624 3358 1735 3400 quae
1765 3344 1923 3386 famam
1952 3358 2075 3386 suam

1597 3499 1619 3511 a

2234 3535 2242 3548 ..
2217 2832 2242 3513 ...Ὑφψκῆξωειωῃωῃήψωμε...
