2242 3672
250 278 515 315 SEPTIMIVS
1118 273 1201 317 205
1806 278 2069 314 SEPTIMIVS

420 412 526 454 Post
552 417 735 453 mortem
765 411 820 453 ab
861 411 957 454 aliis
988 411 1130 455 dictus
1166 413 1340 454 nomine
1371 413 1516 468 priore
1547 412 1782 455 Bassianus
1812 410 1901 454 Dio
1933 414 1999 462 78,
2031 416 2071 462 9,

335 481 391 524 ab
423 479 519 522 aliis
545 480 720 521 nomine
746 479 998 534 gladiatoris
1022 481 1245 524 cuiusdam
1268 482 1481 524 Tarautas
1502 480 1590 524 Dio
1614 483 1681 532 78,
1705 484 1730 524 9
1753 481 1807 535 cf.
1828 483 1896 523 10.
1918 483 1983 523 13.
2006 483 2070 523 17.

335 552 402 593 18.
433 552 501 593 21.
535 551 605 592 23.
638 551 710 592 27.
741 551 801 592 28
833 549 983 604 [Taras
1017 550 1176 592 Zonar.
1198 554 1269 602 12,
1291 551 1373 606 13],
1405 551 1460 593 ab
1493 549 1589 593 aliis
1617 565 1644 592 a
1673 551 1931 593 vestimento
1954 549 2073 607 quod

333 617 493 676 populo
534 617 715 660 dederat
755 617 858 674 (quo
902 633 1006 660 usus
1038 626 1130 661 erat
1162 619 1249 662 Dio
1281 622 1346 670 78,
1378 621 1422 674 3)
1456 619 1706 662 Caracallus
1747 619 1823 675 (sic
1861 620 1934 662 vit.
1965 619 2071 671 Seu,

333 689 404 732 vit.
434 686 603 738 Carae„
635 685 740 742 Dio)
775 686 839 729 vel
870 686 1097 730 Caracalla
1126 689 1199 730 vit.
1227 688 1319 731 Sev.
1347 693 1418 740 21,
1446 692 1512 740 11,
1549 689 1620 732 vit.
1656 688 1809 732 Carae.
1841 692 1881 740 9,
1914 692 1952 740 9,
1984 688 2072 731 Dio

336 760 402 807 78,
434 760 460 800 9
490 756 671 812 [Zonar.
702 759 773 806 12,
806 755 892 810 13]‚
937 755 1040 798 Vict.
1070 756 1188 799 Caes.
1211 761 1281 808 21,
1320 759 1417 812 epit.
1448 761 1519 809 21,
1560 757 1809 813 Hieronym.
1841 757 1983 801 chron.
2016 757 2074 800 ad

338 841 377 871 a.
395 829 517 870 2229
539 824 784 879 (Caracalla
803 824 987 879 Eutrop.
1003 828 1044 876 8,
1060 829 1131 876 20,
1161 826 1264 870 Viet.
1286 826 1405 870 Caes.
1426 830 1497 878 21,
1520 827 1618 882 epit.
1639 830 1710 871 21.
1732 830 1803 879 23,
1825 827 2073 882 Hieronym.

337 895 478 939 chron.
511 894 569 936 acl
598 909 637 937 a.
658 897 794 937 2229.
825 896 953 944 2235,
995 894 1115 937 Oros.
1147 898 1185 945 7,
1216 898 1301 949 18).

259 961 323 995 '—
339 971 381 1007 c,
412 971 579 1006 IVLIVS
612 963 917 1018 SEPT(1M1VS)
951 969 1208 1006 OASTINVS.

250 1035 333 1077 322
363 1040 407 1076 L.
433 1039 698 1075 SEPTIMIVS
727 1039 827 1074 FLA
844 1065 854 1075 .
875 1065 884 1075 .
904 1065 914 1075 .
934 1065 943 1074 .
976 1031 1125 1074 consul
1157 1033 1254 1075 suff.
1278 1049 1315 1077 a.
1343 1034 1424 1077 183
1446 1049 1543 1077 cum
1566 1035 1618 1077 T.
1640 1035 1890 1077 Pactumeio
1911 1034 2073 1089 Magno

338 1105 419 1145 act.
450 1101 556 1144 Arv.

252 1173 337 1215 323
370 1171 604 1228 Septimius
626 1169 822 1224 Flaccus,
847 1185 945 1212 cum
967 1171 1164 1212 exercitu
1187 1186 1212 1212 a
1234 1171 1424 1213 Garama
1446 1171 1679 1228 profectus,
1709 1179 1806 1228 post
1832 1173 1915 1214 iter
1944 1173 2074 1214 trium

337 1241 550 1283 mensium
582 1240 638 1282 ad
670 1239 906 1296 Aethiopes
940 1241 1142 1296 pervenit
1174 1240 1381 1282 Marinus
1403 1256 1471 1295 ap.
1493 1241 1670 1284 Ptolem.
1689 1256 1830 1296 yeoyr.
1850 1245 1888 1292 1,
1910 1244 1952 1292 8,
1973 1245 2013 1284 4.
2035 1245 2074 1284 6.

251 1310 337 1353 324
367 1309 421 1364 Q.
454 1309 690 1366 Septimius
720 1308 901 1351 Florens
933 1308 1228 1352 Tertullianus
1259 1309 1574 1363 (Tertullianus
1600 1311 1689 1364 ipse
1720 1310 1769 1353 de
1798 1324 1854 1361 se,
1888 1310 1937 1353 de
1959 1311 2074 1364 bapt.

340 1395 374 1425 c.
395 1383 454 1433 20
474 1380 563 1435 fin„
597 1379 834 1435 Septimius
856 1378 1150 1421 Tertullianus
1181 1379 1269 1434 ipse
1299 1379 1348 1422 dc
1377 1380 1528 1435 viryin.
1559 1379 1636 1424 vel.
1667 1380 1740 1435 fin.
1763 1383 1802 1422 et
1821 1379 2074 1422 Lactantius

336 1451 434 1493 inst.
465 1451 504 1500 5,
537 1452 574 1499 1,
604 1451 674 1499 23,
714 1448 1001 1503 Hieronymus
1041 1463 1103 1503 ep.
1137 1451 1201 1499 64,
1238 1451 1297 1492 23
1333 1449 1391 1491 ad
1428 1448 1681 1499 Fabiolam,
1725 1451 1993 1491 commentar.
2030 1448 2076 1490 in

337 1518 528 1561 Abdiam
552 1517 806 1572 prophetam
829 1517 1019 1572 prol09.,·
1050 1520 1251 1571 quattuor
1275 1518 1449 1560 nomina
1474 1519 1520 1560 in
1541 1518 1755 1560 codicibus
1786 1531 1958 1572 operum
1988 1517 2077 1559 eius

335 1587 410 1631 sed
436 1587 742 1630 recentioribus
772 1589 950 1637 tantum,
982 1587 1029 1628 in
1060 1586 1385 1640 antiquioribus
1417 1590 1517 1629 teste
1547 1587 1775 1637 VVissowa,
1809 1586 1943 1629 solum
1978 1586 2076 1628 Ter-

321 1654 512 1699 tulliani
550 1670 699 1698 nomen
739 1658 820 1706 est,
867 1656 954 1698 nisi
993 1655 1104 1710 quod
1142 1656 1189 1698 in
1227 1655 1481 1711 apoloyetici
1519 1655 1659 1698 codiee
1698 1655 1925 1698 Parisiaco
1965 1658 2078 1698 1623

335 1740 443 1770 sace.
466 1726 515 1768 X
541 1725 825 1780 subscripaim
855 1728 916 1767 est
946 1725 1097 1778 Quinti
1129 1725 1421 1778 Tertulliani).
1464 1725 1572 1767 Afer
1603 1725 1888 1780 Hieronymus
1919 1724 1968 1766 de
1997 1724 2076 1767 vir.

337 1796 399 1838 ill.
421 1798 487 1846 53,
514 1794 655 1837 chron.
680 1794 738 1837 ad
758 1808 797 1837 a.
822 1797 956 1844 2224,
981 1793 1353 1849 Carthaginiensis
1379 1794 1561 1849 Optatus
1582 1794 1632 1837 de
1652 1794 1817 1838 schism.
1839 1793 1953 1836 Don.
1976 1796 2014 1844 1,
2037 1796 2076 1843 9,

338 1865 624 1919 Hieronymus
647 1863 697 1906 de
716 1863 794 1905 vir.
817 1863 878 1906 ill.
902 1863 928 1906 l.
952 1877 986 1906 c.
1031 1863 1168 1919 (Afra
1190 1865 1308 1919 oriyo
1321 1865 1491 1919 passim
1513 1878 1563 1907 ex
1582 1864 1755 1918 seriptis
1774 1864 1864 1906 eius
1885 1864 2076 1917 apparet,

339 1933 705 1988 Carthayiniensis
734 1933 918 1987 fortasse
946 1932 1165 1975 indicatur
1196 1933 1359 1988 apolog).
1385 1947 1419 1976 c.
1439 1932 1495 1987 9).
1544 1933 1824 1976 Centurionis
1845 1946 2077 1988 proconsu-

338 2003 443 2046 laris
462 2001 576 2044 filius
591 2001 770 2044 Hieron.
790 2002 868 2043 vir.
891 2002 953 2044 ill.
977 2002 1003 2046 l.
1027 2015 1060 2043 c.
1084 2002 1174 2057 (secl
1191 2002 1285 2044 vide
1304 2016 1357 2044 ne
1377 2001 1454 2044 hoc
1474 2002 1650 2055 fluxerit
1670 2015 1721 2044 ex
1739 2001 1850 2043 male
1871 1999 2079 2043 intellecto

340 2072 429 2115 loco
460 2070 712 2126 apoloyetici
740 2084 773 2112 6.
807 2073 865 2125 9).
921 2071 1001 2112 Vir
1031 2070 1177 2124 legum
1206 2071 1498 2112 Romanarum
1529 2072 1694 2127 peritus
1725 2071 1834 2125 (τοὺς
1864 2068 2077 2126 Ῥωμαίων

342 2141 487 2197 νόμους
507 2141 743 2197 ἡκριβωκὼς
764 2140 898 2197 ἀνήρ),
930 2143 978 2183 τά
1003 2157 1046 2183 τε
1077 2140 1182 2183 ἄλλα
1214 2140 1384 2190 ἔνδοξος,
1416 2142 1481 2183 καὶ
1511 2145 1590 2184 τῶν
1624 2143 1791 2197 μάλιστα
1822 2140 1885 2182 ἐπὶ
1915 2134 2080 2196 Ῥώμης
2136 2128 2140 2132 ⁴

341 2214 534 2267 λαμπρῶν
556 2209 713 2252 Euseb.
735 2209 831 2251 hist.
855 2209 994 2252 eccles.
1017 2213 1060 2259 2,
1083 2212 1125 2260 2,
1147 2213 1184 2251 4.
1243 2209 1448 2252 Fortasse
1478 2210 1612 2262 iaitur
1640 2223 1726 2252 non
1756 2208 1944 2251 diversus
1973 2207 2078 2249 Ter-

341 2278 548 2321 tullianus
580 2279 686 2321 iuris
719 2285 881 2332 auctor,
914 2279 1130 2320 recentior
1152 2279 1391 2335 Pomponio
1413 2278 1516 2333 Diy.
1540 2281 1612 2328 29,
1634 2282 1677 2328 2,
1699 2281 1766 2328 30,
1789 2280 1827 2328 6,
1859 2276 2081 2332 antiquior

339 2347 545 2404 Ulpiano,
569 2349 613 2389 in
636 2348 760 2390 cuius
781 2347 902 2389 libris
925 2346 980 2389 ad
1006 2347 1216 2391 Sabinum
1240 2349 1399 2390 citatur
1413 2346 1516 2402 Diy.
1534 2350 1605 2397 28,
1623 2350 1661 2397 5,
1678 2350 1717 2397 3,
1734 2350 1778 2390 2.
1800 2349 1871 2396 29,
1889 2349 1932 2395 2,
1954 2348 2021 2395 30,
2040 2348 2078 2387 6.

339 2420 409 2468 38,
423 2420 489 2468 17,
503 2420 546 2467 2,
559 2420 626 2467 44,
644 2417 717 2473 qui
735 2417 909 2473 scripsit
923 2417 1224 2473 quaestionum
1241 2415 1375 2459 libros
1392 2423 1486 2459 octo
1499 2415 1602 2471 Diy.
1618 2415 1702 2458 ind.
1715 2415 1762 2458 F
1765 2415 1842 2458 lor.
1855 2418 1942 2465 et1,
1954 2417 1994 2464 3,
2007 2416 2077 2456 27.

338 2490 404 2537 41,
427 2489 468 2540 2,
492 2488 552 2529 28
582 2486 637 2539 cf.
659 2489 730 2536 29,
750 2489 793 2535 2,
817 2489 885 2536 30,
910 2488 948 2536 6,
980 2486 1081 2527 item
1104 2485 1158 2527 de
1189 2486 1398 2527 castrensi
1430 2484 1601 2542 peculio
1626 2484 1786 2527 librum
1816 2483 2079 2538 singularem

339 2555 442 2610 Diy.
473 2554 560 2597 ind.
595 2554 719 2598 Flor.
751 2557 790 2596 et
814 2557 886 2604 29,
910 2558 947 2604 1,
971 2557 1040 2597 23.
1061 2557 1126 2596 33.
1159 2557 1227 2605 49,
1248 2558 1314 2605 17,
1335 2558 1362 2597 4
1371 2568 1385 2607 ;
1417 2554 1505 2598 cod.
1526 2554 1634 2597 Iust.
1655 2557 1694 2605 5,
1719 2557 1785 2604 70,
1810 2557 1847 2604 7,
1868 2557 1915 2595 10ι
1948 2552 2081 2604 (locus

340 2623 443 2679 Diy.
476 2627 542 2674 49,
575 2626 641 2674 17,
671 2627 698 2666 4
728 2637 812 2665 non
837 2623 955 2666 video
986 2637 1061 2665 cur
1089 2637 1176 2666 non
1203 2624 1386 2678 scriptus
1417 2637 1502 2666 esse
1524 2624 1665 2678 possit
1693 2623 1769 2665 sub
1803 2622 1868 2665 M.
1900 2620 2079 2664 Aurelio

330 2692 394 2736 vel
421 2693 498 2736 sub
528 2692 777 2744 Commodo;
804 2706 906 2734 nam
936 2693 1026 2735 sine
1057 2706 1190 2735 causa
1209 2696 1257 2735 ut
1278 2696 1387 2747 puto
1406 2693 1557 2735 statuit
1578 2692 1748 2746 Fittiny
1771 2691 1848 2734 clas
1870 2694 2080 2733 castrense

341 2762 560 2804 Peculium
597 2761 724 2817 [Hal.
745 2761 874 2816 1871]
896 2777 943 2816 p.
966 2765 1033 2812 36,
1067 2776 1095 2803 a
1116 2761 1270 2805 Severo
1293 2762 1456 2804 demum
1477 2762 1714 2804 institutum
1736 2775 1822 2803 esse
1842 2764 1890 2803 ut
1910 2760 2080 2815 peculio

342 2831 549 2874 castrensi
588 2829 778 2872 cederent
818 2845 869 2872 ea
907 2844 1015 2884 quae
1051 2831 1245 2873 euntibus
1281 2831 1327 2873 in
1356 2830 1557 2873 militiam
1589 2845 1616 2873 a
1636 2831 1893 2885 parentibus
1921 2829 2080 2872 donata

343 2899 508 2954 essent).

430 2967 676 3024 Presbyter,
709 2971 748 3011 et
770 2968 924 3023 paullo
947 2972 1049 3024 post
1078 2968 1308 3025 presbyter
1336 2968 1543 3011 ecclesiae
1563 2968 1686 3010 Hier.
1710 2967 1759 3010 (le
1787 2968 1865 3011 vir.
1894 2966 1954 3009 ill.
1987 2966 2012 3010 l.
2044 2982 2078 3008 6.

346 3036 455 3081 ‘Sub
488 3036 649 3080 Severo
691 3038 887 3094 principe
927 3044 969 3080 et
997 3037 1220 3080 Antonino
1254 3037 1479 3080 Caracalla
1508 3037 1695 3079 maxime
1726 3036 1893 3089 floruit,
1925 3034 2078 3077 multa-

343 3120 428 3163 que
449 3106 624 3162 scripsit
645 3105 882 3148 volumina‘
908 3107 964 3149 ib.
1016 3106 1173 3149 Libros
1205 3106 1260 3148 ad
1293 3107 1490 3148 nationes
1522 3106 1696 3161 scripsit
1729 3110 1822 3161 post
1852 3104 2078 3145 victoriam

345 3174 497 3217 Severi
520 3174 574 3216 de
595 3172 747 3217 Clodio
769 3174 929 3217 Albino
953 3174 1100 3230 (Febr.
1127 3176 1239 3230 197),
1274 3175 1348 3217 sed
1380 3190 1466 3216 non
1491 3173 1626 3216 multo
1649 3180 1745 3229 post
1766 3172 1824 3214 ael
1841 3175 1931 3215 nat.
1953 3175 1990 3221 1,
2013 3175 2065 3213 17
2067 3204 2076 3221 ,

341 3242 491 3285 eodem
533 3242 624 3284 fere
666 3249 859 3300 tempore
890 3243 1207 3300 apologeticum
1237 3243 1445 3286 adversus
1474 3249 1625 3298 gentes
1658 3241 1768 3295 apol.
1802 3255 1835 3283 6.
1865 3242 1917 3282 35
1949 3238 2079 3291 (bello

346 3310 551 3354 Parthico
581 3314 782 3354 commoto
817 3315 863 3353 ut
891 3315 1001 3366 puto
1029 3311 1093 3354 vel
1133 3314 1241 3354 certe
1280 3313 1541 3361 imminente,
1583 3311 1638 3353 ib.
1672 3323 1704 3351 e.
1730 3312 1788 3351 37
1795 3322 1808 3360 ;
1845 3308 2079 3350 vindemiae

344 3380 499 3422 mentio
520 3393 553 3422 c.
573 3382 628 3422 36
646 3394 731 3422 non
753 3380 810 3422 acl
830 3381 935 3422 anni
954 3383 1115 3434 tempus
1135 3382 1324 3436 spectat),
1351 3380 1562 3422 librorum
1582 3378 1790 3421 adversus
1812 3377 2076 3419 Marcionem
