2242 3672
287 228 448 265 T1T1vs
1143 218 1228 261 330
1859 226 2090 264 T1Tv01vs

293 361 374 404 199
403 360 543 402 Titius
564 358 794 410 Maximus,
825 357 899 411 qui
921 355 1209 411 Carpathium
1230 354 1450 410 quendam
1471 353 1601 398 stulte
1621 354 1786 412 aliquid
1808 356 2094 416 interrogavit

370 427 620 481 Quintilian.
642 429 679 475 6,
700 428 739 475 3,
764 428 828 466 71.

286 497 370 539 200
400 495 539 537 Titius
571 492 793 546 Proculus,
838 506 968 548 eques
999 492 1231 546 Romanus,
1274 507 1300 534 a
1330 491 1436 535 Silio
1477 498 1622 535 custos
1653 492 1912 536 Messalinae
1951 492 2090 550 datus,

372 579 408 605 a.
431 564 484 605 48
517 562 681 626 occisus
718 561 814 603 Tac.
848 575 887 603 a.
918 563 983 611 11,
1015 562 1080 603 35.
1112 584 1169 590 ——
1197 559 1326 603 Alius
1356 559 1537 603 eiusdem
1565 561 1770 612 nominis,
1800 561 1875 604 sed
1899 575 1985 605 non
2013 561 2093 606 huc

365 631 596 685 pertinens,
628 630 718 672 III
737 631 882 671 3968‘1.
1180 672 1183 676 ,

299 724 356 729 —-
399 706 452 741 M.
483 704 670 740 MARIVS
702 704 865 740 TITIVS
897 703 1130 740 RVFINVS.

287 769 365 810 201
398 773 558 808 TITIVS
589 772 749 808 RVFVS
782 766 973 820 (senator
1003 772 1052 808 ut
1081 765 1285 822 videtur),
1326 782 1364 810 a.
1397 768 1453 810 39
1489 739 1717 810 accusatus
1748 765 1867 823 quod
1897 765 2091 822 dixisset,

370 842 566 877 senatum
596 834 681 876 alia
709 835 867 876 sentire
897 833 981 876 alia
1012 834 1167 888 dicere,
1201 850 1246 877 se
1276 836 1370 892 ipse
1399 836 1618 878 interemit
1642 834 1731 879 Dio
1759 837 1925 886 59,18.

285 905 367 946 202
399 904 540 945 Titius
572 902 758 945 Sabinus
788 901 1029 957 (coynomen
1058 903 1192 945 solum
1214 904 1342 958 ponit
1360 902 1479 958 Dio),
1510 903 1691 946 illustris
1722 918 1854 960 eques
1874 903 2093 946 Romanus
2152 914 2155 917 ’

377 971 475 1014 Tac.
511 985 548 1014 a.
580 975 618 1021 4,
643 973 695 1013 68
726 970 842 1028 (ἀνὴρ
872 975 951 1014 τῶν
984 974 1152 1028 πρώτων
1184 971 1226 1015 ἐν
1261 970 1402 1030 Ῥώμη
1433 971 1521 1015 Dio
1549 974 1679 1024 58,1,
1708 973 1848 1015 minus
1878 971 2092 1026 accurate)

369 1040 531 1082 amicus
553 1039 800 1082 Germanici
817 1039 916 1082 Tac.
935 1054 975 1083 a.
991 1043 1030 1091 4,
1049 1042 1116 1083 18.
1137 1042 1201 1095 68,
1224 1055 1304 1083 nec
1325 1047 1423 1097 post
1440 1047 1624 1083 mortem
1645 1041 1737 1083 eius
1760 1041 1979 1084 ‘omiserat
1996 1053 2094 1082 con-

370 1110 514 1162 iugem
540 1107 786 1164 liberosque
816 1107 1052 1164 percolere’
1086 1122 1120 1151 c.
1151 1111 1206 1151 68
1234 1109 1287 1164 cf.
1320 1109 1440 1154 Ptin.
1470 1109 1510 1154 h.
1541 1112 1696 1161 8,145,
1724 1110 1891 1152 invisus
1921 1108 2092 1164 Seiano,

369 1178 531 1234 quiiam
550 1192 588 1219 a.
606 1177 662 1219 24
683 1176 737 1218 de
759 1176 1040 1233 opprimendo
1062 1192 1111 1219 eo
1133 1178 1402 1233 cogitaverat
1425 1178 1524 1222 Tac.
1547 1182 1648 1229 a.4,
1670 1180 1736 1223 18.
1758 1181 1827 1221 19.
1858 1177 1898 1220 Α
1918 1177 2093 1221 Latinio

367 1246 543 1288 Latiare
582 1244 789 1300 inlectus,
831 1251 880 1288 ut
920 1247 1117 1288 convicia
1153 1247 1199 1288 in
1230 1246 1457 1290 Tiberium
1498 1247 1678 1302 iaceret,
1720 1245 1808 1290 kal.
1839 1247 1932 1292 Ian.
1967 1261 2008 1290 a.
2038 1246 2093 1290 28

369 1313 552 1370 epistula
582 1313 749 1357 Tiberii
779 1315 1001 1357 incusatus
1032 1316 1264 1372 statimque
1291 1316 1334 1357 in
1357 1329 1574 1357 carcerem
1594 1322 1758 1358 tractus
1780 1321 1823 1358 et
1841 1314 2094 1359 interfectus

370 1390 434 1425 est
459 1383 557 1426 Tac.
580 1398 619 1426 a.
642 1386 681 1434 4,
702 1385 845 1426 68-70
876 1384 931 1438 cf.
954 1387 992 1435 6,
1013 1388 1053 1436 4,
1085 1383 1173 1427 Dio
1192 1387 1259 1436 58,
1281 1387 1307 1427 1
1327 1384 1505 1441 (Zonar.
1524 1388 1589 1435 11,
1610 1386 1671 1441 2).
1717 1385 1771 1428 In
1792 1385 1971 1428 servitia
1990 1399 2092 1442 quo-

366 1467 449 1509 que
482 1453 573 1494 eius
604 1452 956 1495 animadversum
977 1452 1094 1498 Ptin.
1115 1453 1156 1496 h.
1177 1467 1219 1496 n.
1240 1456 1279 1505 8,
1301 1455 1394 1497 145.

284 1521 367 1564 203
398 1520 446 1563 C.
479 1521 619 1563 Titius
651 1519 828 1572 Similis,
860 1520 911 1564 O.
941 1520 985 1575 f.,
1028 1521 1144 1564 tribu
1175 1520 1252 1576 Ol„
1286 1521 1642 1579 Agrippinensist,
1685 1523 1880 1565 centurio
1909 1521 2093 1579 legionis

369 1589 413 1631 X
432 1621 441 1631 .
460 1622 469 1631 .
489 1622 497 1631 .
518 1621 550 1643 .,
583 1590 776 1639 centurio
808 1588 1207 1645 frumentariorum,
1239 1591 1442 1648 princeps
1471 1591 1822 1647 peregrinorum,
1853 1589 2095 1648 primipilus

369 1657 549 1712 legionis
581 1657 650 1700 III
680 1657 906 1712 Augustae
936 1659 1042 1701 Piae
1071 1658 1255 1701 vindicis
1286 1659 1387 1715 (non
1412 1662 1510 1702 ante
1531 1658 1782 1713 Septimium
1804 1658 2016 1711 Severum,
2045 1662 2095 1702 ut

368 1725 561 1769 indicant
585 1726 687 1769 haec
710 1727 884 1782 Zeyionis
915 1727 1217 1782 coynomenta),
1249 1730 1519 1784 praepositus
1543 1727 1872 1772 vexillationum
1903 1727 2092 1785 e[xpedi-

369 1796 496 1837 tionis
536 1795 629 1851 pe]r
659 1795 808 1838 Asiam
849 1795 1031 1852 Lyciam
1062 1796 1366 1853 Pamphyliam
1402 1796 1663 1853 Phrygiam3
1704 1800 1958 1853 procurator
1995 1811 2092 1853 pro-

367 1864 534 1905 vinciae
550 1864 751 1920 M[y]siae
768 1864 996 1920 inferioris,
1020 1865 1228 1908 ‘eiusdem
1246 1866 1495 1922 provinciae
1515 1866 1582 1908 ius
1602 1865 1752 1920 gladii'
1767 1866 1844 1922 (sic
1865 1864 2094 1922 traditur);

367 1939 620 1988 procurator
654 1934 906 1989 provinciae
935 1934 1189 1976 Lusitaniae
1222 1940 1264 1977 et
1288 1934 1523 1990 ‚Vettoniae
1554 1940 1596 1977 et
1625 1941 1800 1977 curator
1828 1933 2093 1992 reipublicae

372 2002 718 2044 Emeritanorum
750 2006 778 2044 t.
801 2003 1079 2045 Emeritanus
1109 2003 1170 2046 II
1191 2005 1276 2046 484
1304 2003 1429 2046 semel
1459 2003 1704 2057 descriptus.

285 2070 367 2111 204
398 2076 440 2111 T.
473 2075 632 2112 TITIVS
665 2077 823 2113 TAPPO
853 2071 903 2113 T.
936 2071 1039 2114 Titii
1076 2071 1314 2128 Poppaleni
1356 2078 1399 2114 et
1428 2070 1609 2114 Gessiae
1648 2071 1784 2127 filius,
1820 2071 1945 2115 ,tribu
1974 2071 2092 2127 Ser.:‚

366 2138 674 2192 vigintisexvir
720 2143 746 2181 t.
793 2139 1087 2183 Nomentanus
1128 2139 1255 2183 XIV
1279 2143 1400 2183 3945.
1469 2139 1640 2182 Aetatis
1682 2139 1854 2183 circiter
1891 2139 2090 2195 Augusti,

367 2207 420 2259 cf.
452 2206 578 2250 XIV
599 2207 625 2249 l.
652 2222 685 2252 c.

284 2275 365 2316 205
398 2275 513 2316 Titia
538 2275 765 2331 Quartilla,
797 2276 971 2318 domina
1001 2276 1166 2333 praedii
1197 2276 1451 2320 suburbana
1481 2284 1528 2320 ut
1558 2277 1731 2320 videtur
1761 2293 1799 2321 a.
1826 2279 1907 2321 123
1929 2277 2092 2333 tegulae

367 2343 415 2384 X
423 2343 464 2385 V
476 2347 559 2386 147
561 2348 597 2386 7
626 2348 748 2389 1478.

284 2411 367 2453 206
399 2412 514 2453 Titia
544 2413 670 2468 Rufa,
705 2429 827 2456 soror
857 2415 907 2456 T.
940 2414 1045 2456 Titii
1076 2414 1296 2472 Tapponis
1324 2414 1404 2458 XI
1409 2414 1578 2457 V3945

284 2480 364 2521 207
397 2480 513 2521 Titia
531 2480 701 2527 Statilia
712 2481 891 2525 Valeria
905 2483 1177 2539 Agrippiana
1192 2482 1375 2538 Fadilla,
1397 2483 1456 2525 M.
1473 2482 1640 2526 Valerii
1661 2482 1853 2525 Rulliani
1870 2464 2090 2539 Agrippae

370 2549 659 2602 procuratoris
701 2548 790 2591 filia
830 2553 856 2592 t.
894 2550 1168 2605 Bithynicus,
1201 2551 1342 2593 Lebas
1369 2554 1408 2602 3,
1440 2553 1550 2593 1179
1588 2553 1628 2593 et
1667 2550 1800 2594 denuo
1842 2550 1990 2595 Mitth.
2021 2549 2092 2593 des

369 2616 484 2658 arch.
514 2618 620 2659 Inst.
651 2623 704 2660 ,eu
726 2618 868 2660 Athen
897 2621 1006 2661 1887
1026 2634 1074 2673 p.
1097 2622 1191 2670 179,
1224 2622 1262 2662 9.

282 2684 364 2724 208
395 2690 446 2727 M.
479 2691 674 2728 T1TT1vs
704 2693 856 2728 FRVGI
888 2688 966 2741 (M.
997 2688 1157 2730 Tittius
1178 2688 1326 2742 potius
1355 2702 1481 2741 quam
1507 2687 1663 2730 Tillius
1688 2688 1827 2742 Frugi
1857 2691 1938 2732 act.
1968 2687 2088 2739 Arv„

370 2751 482 2794 Τίτου
516 2754 688 2810 Φρυγίου
711 2756 895 2810 Ioseph.)
926 2755 1093 2811 legatus
1124 2756 1306 2811 legionis
1337 2756 1529 2798 decimae
1559 2757 1735 2812 quintae
1765 2754 2089 2812 (Apollinaris);

369 2835 405 2862 a.
441 2821 493 2862 70
534 2822 711 2864 interest
751 2823 927 2865 consilio
963 2823 1128 2866 'ducum
1168 2831 1405 2867 convocato
1446 2840 1472 2867 a
1504 2825 1602 2867 Tito
1634 2823 1940 2880 Hierosolyma
1977 2823 2088 2866 obsi-

369 2888 496 2930 dente
535 2890 699 2944 Ioseph.
740 2892 833 2934 bell.
865 2896 903 2942 6,
933 2896 973 2943 4,
1003 2895 1043 2935 3.
1100 2893 1324 2947 (Fortasse
1365 2893 1421 2935 ad
1458 2892 1568 2935 hunc
1606 2893 1824 2947 spectabat
1859 2894 1887 2935 t.
1917 2891 2090 2934 mutilus

368 2955 729 3011 Carthayiniensis
757 2960 943 3015 sylloyae
972 2975 1088 3003 meae
1115 2963 1199 3004 988
1227 2981 1282 2996 =
1315 2961 1437 3004 VIII
1461 2961 1506 3004 S.
1538 2963 1687 3011 12536,
1717 2974 1837 3014 quem
1863 2963 2003 3003 tannen
2031 2960 2090 3003 ad

369 3025 465 3067 See.
507 3026 764 3069 Vettulenum
801 3028 1033 3079 Cerealem,
1075 3029 1257 3083 leyatum
1296 3030 1470 3083 leyionis
1501 3030 1692 3082 quintae,
1733 3029 1892 3082 referre
1929 3028 2091 3071 mavult

368 3093 578 3144 Schmidt,
625 3096 679 3149 ef.
725 3097 846 3149 infra
889 3098 964 3139 sub
1003 3097 1097 3142 Sex.
1140 3097 1383 3152 Vettuleno).
1454 3097 1617 3140 Consul
1657 3097 1751 3139 suff.
1793 3110 1938 3138 mense
1977 3097 2087 3139 Dec.

370 3176 408 3201 a.
445 3162 499 3203 80
531 3177 628 3204 cum
659 3163 709 3205 T.
739 3164 911 3206 Vinicio
942 3165 1108 3207 Iuliano
1137 3169 1217 3208 act.
1248 3165 1354 3208 Arv.

283 3227 366 3268 209
397 3234 618 3271 TITVCIVS
640 3237 902 3273 ROBVRRVS
925 3233 1001 3285 (an
1022 3234 1247 3276 Reburrus
1258 3235 1295 3289 P)
1318 3234 1559 3290 praefectus
1581 3232 1678 3276 urbi
1699 3249 1737 3278 a.
1758 3233 1842 3277 283
1863 3231 2089 3276 laterculus

364 3297 566 3348 praefeci.
585 3299 689 3348 urb„
713 3313 780 3352 ap.
799 3298 1172 3355 Chronoqraplium
1201 3317 1240 3346 a.
1261 3306 1341 3345 354
1362 3302 1576 3358 (Momms.
1599 3301 1740 3347 chron.
1763 3302 1864 3345 min.
1886 3301 1921 3344 I
1932 3315 1982 3355 p.
1998 3299 2080 3356 66).
