2242 3672
133 278 352 317 VINICIVS
1001 277 1084 320 437
1351 318 1361 329 ‚
1781 284 1950 322 VINIVS

219 427 257 456 a.
291 412 375 455 754
414 411 473 469 (p.
513 411 615 455 Chr.
652 413 717 466 1);
761 413 841 456 sub
888 429 936 456 eo
979 415 1180 458 tribunus
1219 416 1423 460 militavit
1462 417 1658 461 Velleius
1699 416 1953 460 Paterculus

220 480 320 524 Vell.
351 485 395 532 2,
425 483 520 523 101.
571 481 689 524 Tunc
718 485 766 524 ut
794 483 959 526 videtur
989 485 1029 526 ei
1049 485 1218 539 positus
1249 488 1278 528 t.
1310 489 1348 537 1,
1375 486 1451 529 ubi
1479 487 1722 542 appellatur
1750 486 1953 530 vocabulo

218 563 324 593 novo
346 549 587 607 [ὑ]παταγός.
620 549 782 593 Consul
804 551 894 594 ord.
913 567 950 594 a.
968 553 1049 595 755
1072 568 1171 596 cum
1188 554 1236 596 P.
1254 553 1412 596 Alfeno
1428 555 1547 598 Varo
1563 556 1681 610 fasti.
1713 555 1953 598 Proconsul

219 618 371 675 (Asiae
399 619 491 662 sine
521 618 665 674 dubio)
707 622 733 663 t.
764 623 796 663 2
826 624 942 674 (post
970 621 1036 667 M.
1068 621 1290 664 Plautium
1319 623 1539 667 Silvanum
1570 627 1619 666 ut
1645 623 1822 675 videtur,
1856 627 1953 667 ante

219 687 270 731 L.
303 687 521 730 Valerium
547 687 785 730 Messalam
816 688 1018 740 Volesum,
1046 691 1101 743 cf.
1133 691 1419 747 Waddinyton
1448 693 1582 746 fastes
1610 707 1652 737 n.
1675 692 1758 747 65).
1808 693 1951 735 Homo

219 755 419 812 disertus,
453 757 656 814 quamvis
685 757 814 798 nimis
844 757 960 800 lente
996 761 1299 814 pronuntiaret
1329 760 1491 804 Seneca
1521 776 1583 816 ep.
1611 765 1677 811 40,
1712 765 1750 806 9.
1810 762 1950 804 Accu·

221 826 334 868 savit
373 825 610 868 Votienum
649 825 907 868 Montanum
948 826 1111 869 Seneca
1150 831 1280 870 contr.
1324 832 1361 880 7,
1400 832 1427 872 5
1456 829 1573 885 ’(20),
1615 833 1674 873 12
1714 828 1802 882 (vix
1841 830 1952 873 alius

217 893 411 937 Vinicius
437 893 722 949 intelleyitur5
753 897 933 937 ceterum
952 909 1037 937 non
1058 910 1151 938 eam
1179 898 1488 940 accusationem
1507 899 1758 954 siqnificari,
1791 913 1842 942 ex
1867 913 1953 953 qua

219 963 416 1007 Votienus
457 977 498 1006 a.
529 966 587 1007 25
628 963 855 1006 damnatus
895 967 976 1014 est,
1014 966 1178 1007 monuit
1219 966 1464 1022 Nipperdey
1498 967 1556 1009 ad
1590 967 1688 1010 Tac.
1722 982 1761 1011 a.
1792 971 1831 1018 4,
1863 966 1951 1021 42).

129 1073 133 1076 .
219 1031 274 1077 Α.
315 1047 357 1089 p.
400 1031 503 1076 Chr.
536 1032 591 1075 20
635 1038 869 1088 patronum
915 1047 1014 1075 eum
1061 1032 1198 1076 voluit
1240 1035 1361 1088 Piso,
1410 1035 1485 1078 sed
1527 1035 1599 1077 ille
1640 1050 1685 1077 se
1726 1036 1953 1078 excusavit

224 1101 324 1146 Tac.
356 1115 397 1144 a.
428 1104 468 1152 3,
498 1104 552 1145 11
595 1101 724 1154 (hunc
763 1101 952 1157 intelleqi
980 1103 1208 1156 probabile
1239 1106 1320 1154 est,
1364 1104 1418 1158 cf.
1452 1104 1698 1159 Nipperdey
1729 1104 1787 1147 ad
1820 1105 1952 1159 Tac).

217 1169 477 1213 Declamare
498 1169 666 1213 solebat
684 1170 848 1214 Seneca
869 1174 999 1214 contr.
1022 1175 1060 1222 1,
1082 1175 1127 1222 2,
1146 1175 1186 1214 3.
1213 1176 1250 1222 1,
1273 1176 1312 1222 4,
1331 1176 1399 1215 11.
1426 1176 1464 1223 7,
1481 1176 1520 1224 6,
1539 1177 1603 1216 11.
1657 1173 1951 1215 ‘Exactissimi

218 1239 382 1295 ingenii
412 1240 493 1295 vir,
526 1240 602 1296 qui
632 1254 714 1282 nec
744 1238 889 1282 dicere
920 1255 989 1281 res
1018 1241 1187 1296 ineptas
1217 1256 1299 1282 nec
1326 1241 1439 1283 ferre
1467 1247 1653 1298 poterat'
1685 1242 1742 1284 ib.
1764 1244 1802 1292 7,
1823 1243 1862 1292 5,
1885 1244 1951 1284 11.

222 1307 445 1352 ‘Summus
466 1315 633 1350 amator
656 1307 839 1363 Ovidii',
873 1309 997 1350 cuius
1023 1310 1216 1351 carmina
1246 1308 1300 1350 ab
1331 1316 1502 1353 oratore
1531 1311 1738 1352 memoria
1766 1310 1952 1352 tenenda

219 1391 313 1420 esse
341 1377 500 1420 aiebat’
535 1377 591 1422 ib.
622 1381 686 1428 10,
716 1380 757 1428 4,
787 1379 857 1421 25.
878 1402 937 1407 -
965 1378 1096 1419 Pater
1126 1378 1185 1420 M.
1218 1378 1381 1420 Vinicii
1412 1378 1601 1421 consulis
1626 1394 1669 1435 a..
1695 1394 1737 1435 p.
1770 1378 1872 1421 Chr.
1897 1379 1952 1421 30

224 1445 321 1491 Vell.
352 1449 397 1497 2,
426 1450 519 1490 101.
549 1449 634 1489 103
670 1446 918 1501 (praeterea
945 1446 1110 1489 videtur
1140 1447 1271 1500 fuisse
1301 1450 1433 1501 pater
1462 1447 1591 1502 filiae,
1630 1461 1681 1490 ecc
1713 1462 1796 1501 qua
1825 1450 1954 1489 natus

218 1515 391 1559 Annius
431 1515 696 1566 Vinicianus,
740 1515 795 1569 cf.
836 1529 970 1570 supra
1008 1516 1085 1557 sub
1131 1514 1177 1558 Ο.
1218 1515 1365 1557 Annio
1409 1515 1603 1558 Pollione
1644 1519 1683 1558 et
1718 1516 1768 1559 L.
1806 1515 1951 1558 Annio

133 1625 137 1628 Α
227 1583 481 1640 Viniciano).

132 1653 216 1697 447
247 1660 292 1696 T.
322 1659 544 1696 VINICIVS
575 1658 815 1695 IVLIANVS
847 1651 998 1695 consul
1028 1653 1123 1696 suff.
1155 1666 1302 1695 mense
1327 1652 1434 1695 Dec.
1467 1667 1505 1695 a.
1528 1653 1584 1695 80
1615 1667 1714 1694 cum
1735 1652 1795 1694 M.
1819 1652 1953 1694 Tittio

218 1722 355 1777 Frugi
387 1725 468 1765 act.
498 1721 604 1766 Arv.

133 1792 217 1834 448
248 1791 447 1834 Vinicius
478 1790 663 1834 Rufinus
696 1790 801 1845 (pro
834 1790 978 1833 Vinic-
1009 1789 1199 1833 traditur
1228 1790 1391 1845 Vinc-)‚
1426 1805 1558 1847 eques
1590 1791 1831 1845 Romanus,
1868 1804 1955 1832 una

220 1875 319 1903 cum
356 1859 454 1903 aliis
494 1860 687 1903 Domitio
724 1858 862 1902 Balbo
902 1865 1207 1902 testamentum
1250 1859 1406 1902 falsum
1442 1859 1658 1914 subdidit3
1699 1875 1737 1902 a.
1769 1860 1820 1901 61
1859 1858 1954 1913 lege

221 1929 425 1974 Cornelia
455 1929 684 1972 damnatus
725 1929 824 1972 Tac.
857 1943 896 1971 a.
928 1931 994 1982 14,
1025 1931 1093 1970 40.

132 2024 205 2041 ,-
247 2000 406 2043 Vinius
437 1999 657 2041 Maximus
686 2012 723 2041 v.
756 1997 805 2041 C.
837 1997 994 2040 Vibius
1025 1998 1256 2040 Maximus.

132 2069 217 2112 449
247 2069 299 2112 T.
330 2068 487 2111 Vinius
517 2067 828 2124 Philopoemen
859 2066 964 2122 (tria
992 2067 1167 2108 nomina
1188 2066 1318 2116 Suet„
1350 2080 1573 2121 coynonien
1603 2069 1642 2108 et
1662 2066 1845 2120 patroni
1873 2065 1955 2107 duo

222 2137 398 2180 nomina
419 2137 547 2179 habet
575 2136 688 2187 Dio;
713 2134 872 2182 Ἰούνιος
891 2136 1086 2191 Φιλήμων
1106 2134 1254 2189 App),
1277 2150 1314 2177 a.
1339 2136 1417 2177 711
1442 2135 1491 2176 Τ.
1516 2135 1695 2176 Vinium
1725 2141 1955 2190 patronum

220 2207 510 2264 proscriptum
551 2205 709 2247 celavit
749 2204 866 2247 Suet.
905 2203 1017 2258 Any.
1048 2207 1119 2253 27,
1161 2203 1276 2259 App.
1310 2204 1346 2245 b.
1385 2217 1418 2245 c.
1449 2207 1487 2253 4,
1518 2206 1594 2253 44,
1635 2202 1725 2245 Dio
1754 2206 1820 2253 47,
1850 2206 1887 2253 7,
1914 2206 1952 2253 4,

132 2316 135 2318 .
222 2282 372 2332 postea
401 2274 456 2317 ab
487 2274 686 2329 Augusto
719 2273 908 2330 equestri
939 2273 1151 2327 dignitate
1182 2272 1416 2314 honoratus
1447 2271 1560 2314 Suet.
1592 2271 1620 2314 l.
1652 2285 1699 2321 c.,
1741 2271 1831 2314 Dio
1861 2271 1888 2313 l.
1920 2284 1954 2313 c.

135 2345 220 2387 450
251 2351 294 2387 T.
326 2350 499 2387 lelvs
531 2344 764 2396 (RVFINVS
778 2341 832 2396 P).
895 2342 1020 2384 Titus
1051 2341 1209 2383 Vinius
1249 2341 1346 2384 Tac.
1378 2337 1486 2391 7021,
1519 2344 1544 2382 1
1579 2344 1623 2382 ἐι
1662 2340 1772 2382 alibi
1810 2340 1954 2394 (Titus

221 2413 372 2455 Iunius
405 2412 565 2454 codices
595 2410 851 2463 deteriores),
884 2410 934 2455 T.
962 2410 1115 2452 Iunius
1147 2409 1262 2452 Suet.
1295 2411 1420 2461 (certe
1451 2408 1532 2450 Vit.
1559 2408 1614 2463 7),
1647 2408 1760 2455 Τίτος
1781 2407 1956 2465 Ὀβίνιος

221 2482 286 2524 vel
315 2481 490 2539 (Οβίνιος
529 2481 632 2523 libri
672 2479 789 2535 apud
817 2479 1103 2521 Plutarchum
1141 2477 1269 2520 Galb.
1311 2491 1345 2519 c.
1377 2481 1424 2527 4,
1467 2479 1488 2519 ὁ
1520 2477 1632 2523 Τίτος
1660 2476 1724 2519 vel
1755 2478 1800 2519 οὐ
1841 2476 1956 2522 Τίτος

219 2551 277 2593 ib.
309 2565 342 2593 c.
373 2554 411 2601 7,
446 2549 620 2608 Ὀβίνιος
653 2549 718 2591 vel
752 2547 947 2607 Ὀβίννιος
977 2546 1090 2593 Τίτος
1119 2547 1176 2588 ib.
1206 2560 1240 2591 c.
1270 2549 1345 2595 10,
1380 2545 1551 2603 Ὀβίνιος
1580 2545 1643 2587 vel
1675 2544 1869 2603 Ὀβίννιος
1898 2545 1954 2586 ib.

221 2634 255 2662 c.
290 2623 344 2662 11
377 2633 474 2674 seq„
516 2619 702 2661 Vinnius
748 2618 892 2660 Victor
930 2617 1026 2671 epit.
1084 2616 1141 2658 In
1186 2614 1406 2657 consulatu
1447 2615 1497 2657 Τ.
1542 2614 1698 2656 Vinius
1748 2613 1816 2655 VI
1848 2615 1956 2655 1986

222 2689 292 2744 (=
312 2688 439 2731 XIV
450 2690 600 2744 2389).
621 2689 732 2731 2051
757 2701 794 2729 v.
817 2691 842 2728 1
867 2685 964 2738 (act.
988 2685 1124 2738 Aru).
1145 2687 1254 2726 8639
1276 2681 1347 2736 (τ-
1367 2683 1416 2726 Χ
1436 2686 1557 2734 6637)
1583 2683 1735 2736 quibus
1765 2682 1957 2724 omnibus

223 2757 326 2800 locis
347 2760 488 2813 potest
518 2770 743 2811 coynomen
770 2755 972 2809 adfuisse,
1004 2755 1103 2796 item
1135 2753 1203 2795 VI
1216 2755 1308 2802 155,
1341 2753 1391 2795 T.
1417 2752 1568 2794 Iunius
1588 2751 1637 2794 X
1656 2753 1776 2801 5405,
1800 2751 1956 2792 Vinius

223 2826 456 2881 chronogr„
479 2826 605 2867 Titus
627 2823 812 2866 Rufinus
833 2824 941 2877 fasti
957 2822 1118 2877 Hydat.
1136 2835 1229 2863 curn
1250 2821 1335 2864 chr.
1358 2820 1511 2862 Pasch.
1544 2819 1714 2875 (Rufini
1733 2832 1956 2874 coynonzcn

223 2897 404 2950 fortasse
435 2897 575 2936 tuetur
597 2894 647 2937 T.
670 2893 829 2935 Vinius
858 2891 1000 2934 Rufus
1031 2892 1202 2933 octovir
1220 2890 1436 2932 Amiterni
1468 2888 1734 2945 temporibus
1764 2887 1955 2942 Augusti

221 2964 300 3006 IX
326 2966 452 3014 4182,
483 2963 558 3016 qui
577 2965 719 3017 potest
748 2962 880 3015 fuisse
910 2974 960 3002 ecc
989 2959 1133 3001 cadem
1162 2958 1324 3014 stirpe).

307 3033 446 3074 Natus
488 3047 527 3073 a.
558 3031 658 3073 212'2
705 3030 803 3073 Tac.
839 3029 879 3073 h.
914 3032 953 3078 1,
985 3030 1052 3071 48.
1116 3027 1263 3069 ‘Pater
1303 3042 1326 3069 e
1361 3027 1578 3083 praetoria
1620 3024 1803 3078 familia,
1847 3039 1956 3066 avus

137 3145 140 3148 ,
223 3108 445 3143 maternus
468 3115 491 3142 e
514 3099 784 3156 proscriptis’
803 3098 860 3141 ib.
883 3097 1044 3153 (possis
1064 3096 1251 3138 conicere
1269 3109 1355 3138 non
1374 3098 1612 3137 maternum
1632 3094 1706 3136 sed
1726 3096 1956 3148 paternum

224 3184 348 3213 avum
378 3170 511 3224 fuisse
541 3183 562 3210 e
589 3167 855 3222 proscriptis,
888 3167 942 3220 cf.
974 3179 1107 3220 supra
1136 3179 1177 3207 n.
1203 3164 1316 3218 449).
1378 3163 1599 3206 Tribunus
1629 3162 1814 3204 militum
1845 3162 1958 3203 inter

225 3255 263 3282 a.
294 3239 349 3282 37
381 3244 424 3280 et
453 3238 538 3292 41,
562 3251 658 3278 cum
697 3249 833 3278 uxore
864 3234 913 3278 C.
946 3233 1127 3277 Calvisii
1157 3233 1309 3276 Sabini
1340 3232 1473 3287 legati
1505 3231 1745 3273 consularis
1776 3231 1820 3272 in
1852 3231 1957 3286 ipsis

227 3308 451 3365 principiis
473 3312 712 3348 castrorum
734 3310 933 3361 stuprum
954 3303 1106 3345 fecisse
1122 3301 1347 3344 dicebatur
1369 3301 1466 3343 Tac.
1486 3300 1512 3343 l.
1530 3314 1590 3352 c.,·
1610 3299 1726 3342 Plut.
1746 3299 1874 3343 Galb.
1886 3302 1956 3342 12.

227 3377 296 3420 Ob
326 3376 440 3419 hanc
467 3390 559 3417 rem
580 3375 763 3428 vinetus,
797 3372 873 3415 sed
895 3378 993 3429 post
1013 3377 1193 3413 mortem
1216 3370 1264 3414 O.
1289 3369 1488 3412 Caesaris
1510 3369 1712 3411 dimissus
1738 3368 1836 3411 Tac.
1860 3367 1886 3412 l.
1909 3381 1957 3417 c.,
