<?xml version="1.0" encoding="UTF-8"?>
<!DOCTYPE html PUBLIC "-//W3C//DTD XHTML 1.0 Transitional//EN"
    "http://www.w3.org/TR/xhtml1/DTD/xhtml1-transitional.dtd">
<html xmlns="http://www.w3.org/1999/xhtml" xml:lang="en" lang="en">
 <head>
  <title>
</title>
<meta http-equiv="Content-Type" content="text/html;charset=utf-8" />
  <meta name='ocr-system' content='tesseract 3.04.00' />
  <meta name='ocr-capabilities' content='ocr_page ocr_carea ocr_par ocr_line ocrx_word'/>
</head>
<body>
  <div class='ocr_page' id='page_1' title='image "./prosopographiaim03akaduoft_0213.png"; bbox 0 0 2242 3672; ppageno 0'>
   <div class='ocr_carea' id='block_1_1' title="bbox 172 230 1993 291">
    <p class='ocr_par' dir='ltr' id='par_1_1' title="bbox 172 230 1993 291">
     <span class='ocr_line' id='line_1_1' title="bbox 172 230 1993 291; baseline 0.001 -12"><span class='ocrx_word' id='word_1_1' title='bbox 172 230 382 291; x_wconf 77' lang='lat' dir='ltr'><strong>SENTIVS</strong></span> <span class='ocrx_word' id='word_1_2' title='bbox 1043 239 1124 283; x_wconf 84' lang='lat'>201</span> <span class='ocrx_word' id='word_1_3' title='bbox 1766 245 1993 282; x_wconf 85' lang='lat' dir='ltr'>SEPTICIA</span> 
     </span>
    </p>
   </div>
   <div class='ocr_carea' id='block_1_2' title="bbox 174 307 340 313">
    <p class='ocr_par' dir='ltr' id='par_1_2' title="bbox 174 307 340 313">
     <span class='ocr_line' id='line_1_2' title="bbox 174 307 340 313; baseline 0 0"><span class='ocrx_word' id='word_1_4' title='bbox 174 307 340 313; x_wconf 95' lang='lat' dir='ltr'> </span> 
     </span>
    </p>
   </div>
   <div class='ocr_carea' id='block_1_3' title="bbox 348 308 572 314">
    <p class='ocr_par' dir='ltr' id='par_1_3' title="bbox 348 308 572 314">
     <span class='ocr_line' id='line_1_3' title="bbox 348 308 572 314; baseline 0 0"><span class='ocrx_word' id='word_1_5' title='bbox 348 308 572 314; x_wconf 95' lang='lat' dir='ltr'> </span> 
     </span>
    </p>
   </div>
   <div class='ocr_carea' id='block_1_4' title="bbox 159 374 1995 3328">
    <p class='ocr_par' dir='ltr' id='par_1_4' title="bbox 244 374 1995 1190">
     <span class='ocr_line' id='line_1_4' title="bbox 251 374 1993 430; baseline 0.001 -11"><span class='ocrx_word' id='word_1_6' title='bbox 251 374 472 419; x_wconf 77' lang='lat' dir='ltr'><em>consulatu</em></span> <span class='ocrx_word' id='word_1_7' title='bbox 501 375 611 430; x_wconf 80' lang='lat' dir='ltr'>fasti</span> <span class='ocrx_word' id='word_1_8' title='bbox 636 376 715 430; x_wconf 83' lang='lat' dir='ltr'>fer.</span> <span class='ocrx_word' id='word_1_9' title='bbox 745 377 858 427; x_wconf 71' lang='lat' dir='ltr'>Lat„</span> <span class='ocrx_word' id='word_1_10' title='bbox 890 376 979 419; x_wconf 91' lang='lat' dir='ltr'>Dio</span> <span class='ocrx_word' id='word_1_11' title='bbox 1009 377 1096 420; x_wconf 86' lang='lat' dir='ltr'>ind.</span> <span class='ocrx_word' id='word_1_12' title='bbox 1129 377 1156 420; x_wconf 83' lang='lat' dir='ltr'>l.</span> <span class='ocrx_word' id='word_1_13' title='bbox 1183 381 1251 429; x_wconf 88' lang='lat'>59,</span> <span class='ocrx_word' id='word_1_14' title='bbox 1284 377 1353 420; x_wconf 89' lang='lat' dir='ltr'>VI</span> <span class='ocrx_word' id='word_1_15' title='bbox 1374 381 1528 422; x_wconf 81' lang='grc'><em>20141.</em></span> <span class='ocrx_word' id='word_1_16' title='bbox 1549 402 1607 408; x_wconf 88' lang='lat'>——-</span> <span class='ocrx_word' id='word_1_17' title='bbox 1628 376 1709 421; x_wconf 92' lang='lat' dir='ltr'>Cn.</span> <span class='ocrx_word' id='word_1_18' title='bbox 1735 376 1765 422; x_wconf 87' lang='lat' dir='ltr'>f.</span> <span class='ocrx_word' id='word_1_19' title='bbox 1792 376 1881 420; x_wconf 90' lang='lat' dir='ltr'>Dio</span> <span class='ocrx_word' id='word_1_20' title='bbox 1905 376 1993 421; x_wconf 88' lang='lat' dir='ltr'>ind.</span> 
     </span>
     <span class='ocr_line' id='line_1_5' title="bbox 251 444 1994 502; baseline 0.001 -15"><span class='ocrx_word' id='word_1_21' title='bbox 251 445 277 487; x_wconf 82' lang='lat' dir='ltr'>l.</span> <span class='ocrx_word' id='word_1_22' title='bbox 308 447 374 488; x_wconf 91' lang='lat'>59.</span> <span class='ocrx_word' id='word_1_23' title='bbox 434 444 579 487; x_wconf 84' lang='lat' dir='ltr'>Filius</span> <span class='ocrx_word' id='word_1_24' title='bbox 603 445 693 487; x_wconf 88' lang='lat' dir='ltr'>sine</span> <span class='ocrx_word' id='word_1_25' title='bbox 724 445 852 488; x_wconf 85' lang='lat' dir='ltr'>dubio</span> <span class='ocrx_word' id='word_1_26' title='bbox 884 447 973 488; x_wconf 90' lang='lat' dir='ltr'>eius</span> <span class='ocrx_word' id='word_1_27' title='bbox 1001 447 1076 501; x_wconf 78' lang='lat' dir='ltr'>qui</span> <span class='ocrx_word' id='word_1_28' title='bbox 1104 447 1340 502; x_wconf 76' lang='lat' dir='ltr'>praeeedit.</span> <span class='ocrx_word' id='word_1_29' title='bbox 1401 446 1608 490; x_wconf 77' lang='lat' dir='ltr'><em>Fortasse</em></span> <span class='ocrx_word' id='word_1_30' title='bbox 1645 446 1713 489; x_wconf 80' lang='lat' dir='ltr'>hie</span> <span class='ocrx_word' id='word_1_31' title='bbox 1754 479 1879 489; x_wconf 91' lang='grc'><strong>.....</strong></span> <span class='ocrx_word' id='word_1_32' title='bbox 1896 448 1994 489; x_wconf 86' lang='grc'><em>111118</em></span> 
     </span>
     <span class='ocr_line' id='line_1_6' title="bbox 250 513 1993 571; baseline 0.001 -16"><span class='ocrx_word' id='word_1_33' title='bbox 250 520 424 570; x_wconf 86' lang='lat' dir='ltr'>praetor</span> <span class='ocrx_word' id='word_1_34' title='bbox 454 513 645 556; x_wconf 90' lang='lat' dir='ltr'>urbanus</span> <span class='ocrx_word' id='word_1_35' title='bbox 672 529 715 562; x_wconf 82' lang='lat' dir='ltr'>a.</span> <span class='ocrx_word' id='word_1_36' title='bbox 739 530 778 571; x_wconf 89' lang='lat' dir='ltr'>p.</span> <span class='ocrx_word' id='word_1_37' title='bbox 803 514 906 557; x_wconf 88' lang='lat' dir='ltr'>Chr.</span> <span class='ocrx_word' id='word_1_38' title='bbox 930 516 984 557; x_wconf 88' lang='lat'>37</span> <span class='ocrx_word' id='word_1_39' title='bbox 1017 515 1116 558; x_wconf 87' lang='lat' dir='ltr'>fasti</span> <span class='ocrx_word' id='word_1_40' title='bbox 1147 515 1268 558; x_wconf 86' lang='lat' dir='ltr'><strong>fratr.</strong></span> <span class='ocrx_word' id='word_1_41' title='bbox 1299 515 1408 558; x_wconf 68' lang='grc' dir='ltr'><em>ΑΝ.</em></span> <span class='ocrx_word' id='word_1_42' title='bbox 1441 515 1532 569; x_wconf 91' lang='lat' dir='ltr'>(sed</span> <span class='ocrx_word' id='word_1_43' title='bbox 1551 518 1694 570; x_wconf 75' lang='lat' dir='ltr'>potest</span> <span class='ocrx_word' id='word_1_44' title='bbox 1724 516 1853 559; x_wconf 81' lang='lat' dir='ltr'>etiam</span> <span class='ocrx_word' id='word_1_45' title='bbox 1883 516 1993 571; x_wconf 68' lang='grc'><em>0091·-</em></span> 
     </span>
     <span class='ocr_line' id='line_1_7' title="bbox 248 581 1994 640; baseline 0.002 -16"><span class='ocrx_word' id='word_1_46' title='bbox 248 583 339 625; x_wconf 91' lang='lat' dir='ltr'>tari</span> <span class='ocrx_word' id='word_1_47' title='bbox 368 582 417 624; x_wconf 93' lang='lat' dir='ltr'>de</span> <span class='ocrx_word' id='word_1_48' title='bbox 446 581 493 626; x_wconf 83' lang='lat' dir='ltr'>C.</span> <span class='ocrx_word' id='word_1_49' title='bbox 527 582 729 625; x_wconf 74' lang='lat' dir='ltr'><em>Suetonio</em></span> <span class='ocrx_word' id='word_1_50' title='bbox 759 582 987 634; x_wconf 81' lang='lat' dir='ltr'>Paullino,</span> <span class='ocrx_word' id='word_1_51' title='bbox 1021 584 1194 628; x_wconf 66' lang='lat' dir='ltr'>Henzen</span> <span class='ocrx_word' id='word_1_52' title='bbox 1225 587 1306 628; x_wconf 90' lang='lat' dir='ltr'>aet.</span> <span class='ocrx_word' id='word_1_53' title='bbox 1337 584 1443 628; x_wconf 82' lang='lat' dir='ltr'>Arv.</span> <span class='ocrx_word' id='word_1_54' title='bbox 1467 599 1515 640; x_wconf 76' lang='lat' dir='ltr'>p.</span> <span class='ocrx_word' id='word_1_55' title='bbox 1537 583 1650 639; x_wconf 84' lang='lat'><strong><em>198).</em></strong></span> <span class='ocrx_word' id='word_1_56' title='bbox 1707 583 1870 628; x_wconf 92' lang='lat' dir='ltr'>Consul</span> <span class='ocrx_word' id='word_1_57' title='bbox 1901 584 1994 627; x_wconf 91' lang='lat' dir='ltr'>ord.</span> 
     </span>
     <span class='ocr_line' id='line_1_8' title="bbox 251 650 1994 711; baseline 0.001 -18"><span class='ocrx_word' id='word_1_58' title='bbox 251 666 288 695; x_wconf 90' lang='lat' dir='ltr'>a.</span> <span class='ocrx_word' id='word_1_59' title='bbox 322 666 362 707; x_wconf 93' lang='lat' dir='ltr'>p.</span> <span class='ocrx_word' id='word_1_60' title='bbox 396 650 498 694; x_wconf 91' lang='lat' dir='ltr'>Chr.</span> <span class='ocrx_word' id='word_1_61' title='bbox 530 652 581 693; x_wconf 89' lang='lat'>41</span> <span class='ocrx_word' id='word_1_62' title='bbox 618 665 718 693; x_wconf 92' lang='lat' dir='ltr'>cum</span> <span class='ocrx_word' id='word_1_63' title='bbox 750 650 798 693; x_wconf 93' lang='lat' dir='ltr'>C.</span> <span class='ocrx_word' id='word_1_64' title='bbox 832 651 1020 695; x_wconf 81' lang='lat' dir='ltr'>Caesare</span> <span class='ocrx_word' id='word_1_65' title='bbox 1051 652 1250 709; x_wconf 87' lang='lat' dir='ltr'>Augusto</span> <span class='ocrx_word' id='word_1_66' title='bbox 1281 662 1485 711; x_wconf 87' lang='lat' dir='ltr'>quartum</span> <span class='ocrx_word' id='word_1_67' title='bbox 1525 654 1654 708; x_wconf 80' lang='lat' dir='ltr'>fasti,</span> <span class='ocrx_word' id='word_1_68' title='bbox 1696 653 1853 696; x_wconf 91' lang='lat' dir='ltr'>deinde</span> <span class='ocrx_word' id='word_1_69' title='bbox 1895 668 1994 696; x_wconf 88' lang='lat' dir='ltr'>cum</span> 
     </span>
     <span class='ocr_line' id='line_1_9' title="bbox 252 719 1995 777; baseline 0.002 -15"><span class='ocrx_word' id='word_1_70' title='bbox 252 719 306 773; x_wconf 78' lang='lat' dir='ltr'>Q.</span> <span class='ocrx_word' id='word_1_71' title='bbox 339 720 577 776; x_wconf 92' lang='lat' dir='ltr'>Pomponio</span> <span class='ocrx_word' id='word_1_72' title='bbox 610 719 811 762; x_wconf 86' lang='lat' dir='ltr'>Secundo</span> <span class='ocrx_word' id='word_1_73' title='bbox 840 721 1005 775; x_wconf 75' lang='lat' dir='ltr'>Ioseph.</span> <span class='ocrx_word' id='word_1_74' title='bbox 1040 722 1132 766; x_wconf 83' lang='lat' dir='ltr'>bell.</span> <span class='ocrx_word' id='word_1_75' title='bbox 1163 726 1207 774; x_wconf 87' lang='lat'>2,</span> <span class='ocrx_word' id='word_1_76' title='bbox 1243 726 1307 773; x_wconf 90' lang='lat'>11,</span> <span class='ocrx_word' id='word_1_77' title='bbox 1340 725 1390 774; x_wconf 90' lang='grc'>1;</span> <span class='ocrx_word' id='word_1_78' title='bbox 1425 722 1491 765; x_wconf 89' lang='grc' dir='ltr'><em>Ιο.</em></span> <span class='ocrx_word' id='word_1_79' title='bbox 1522 722 1812 765; x_wconf 75' lang='lat' dir='ltr'>Antiochenus</span> <span class='ocrx_word' id='word_1_80' title='bbox 1851 723 1909 777; x_wconf 81' lang='lat' dir='ltr'>fr.</span> <span class='ocrx_word' id='word_1_81' title='bbox 1939 725 1995 765; x_wconf 79' lang='lat'>84</span> 
     </span>
     <span class='ocr_line' id='line_1_10' title="bbox 252 787 1994 846; baseline 0.001 -15"><span class='ocrx_word' id='word_1_82' title='bbox 252 787 437 842; x_wconf 73' lang='lat' dir='ltr'>(Muller</span> <span class='ocrx_word' id='word_1_83' title='bbox 451 788 507 842; x_wconf 82' lang='lat' dir='ltr'>fr.</span> <span class='ocrx_word' id='word_1_84' title='bbox 525 788 566 830; x_wconf 78' lang='lat' dir='ltr'>h.</span> <span class='ocrx_word' id='word_1_85' title='bbox 585 787 663 831; x_wconf 82' lang='lat' dir='ltr'>Gr.</span> <span class='ocrx_word' id='word_1_86' title='bbox 675 789 709 831; x_wconf 93' lang='grc' dir='ltr'><em>Ι</em></span> <span class='ocrx_word' id='word_1_87' title='bbox 715 788 801 843; x_wconf 74' lang='lat' dir='ltr'>Vp.</span> <span class='ocrx_word' id='word_1_88' title='bbox 812 791 937 845; x_wconf 88' lang='grc'><em>572);</em></span> <span class='ocrx_word' id='word_1_89' title='bbox 958 789 1185 833; x_wconf 76' lang='lat'><strong><em>17120141.</em></strong></span> <span class='ocrx_word' id='word_1_90' title='bbox 1216 791 1452 834; x_wconf 88' lang='lat' dir='ltr'>Interfecto</span> <span class='ocrx_word' id='word_1_91' title='bbox 1471 792 1594 846; x_wconf 81' lang='lat' dir='ltr'>Gaio,</span> <span class='ocrx_word' id='word_1_92' title='bbox 1613 797 1766 833; x_wconf 85' lang='lat' dir='ltr'><em>auctor</em></span> <span class='ocrx_word' id='word_1_93' title='bbox 1780 790 1994 834; x_wconf 84' lang='lat' dir='ltr'><strong>libertatis</strong></span> 
     </span>
     <span class='ocr_line' id='line_1_11' title="bbox 251 857 1994 914; baseline 0.003 -15"><span class='ocrx_word' id='word_1_94' title='bbox 251 857 575 913; x_wconf 85' lang='lat' dir='ltr'>recuperandae</span> <span class='ocrx_word' id='word_1_95' title='bbox 604 857 771 912; x_wconf 75' lang='lat' dir='ltr'>Ioseph.</span> <span class='ocrx_word' id='word_1_96' title='bbox 804 861 891 902; x_wconf 90' lang='lat' dir='ltr'>ant.</span> <span class='ocrx_word' id='word_1_97' title='bbox 925 862 991 909; x_wconf 88' lang='lat'>19,</span> <span class='ocrx_word' id='word_1_98' title='bbox 1023 862 1067 910; x_wconf 91' lang='lat'>2,</span> <span class='ocrx_word' id='word_1_99' title='bbox 1098 863 1187 902; x_wconf 86' lang='lat'>1—3</span> <span class='ocrx_word' id='word_1_100' title='bbox 1220 860 1275 914; x_wconf 84' lang='lat' dir='ltr'>ef.</span> <span class='ocrx_word' id='word_1_101' title='bbox 1310 859 1404 903; x_wconf 81' lang='lat' dir='ltr'>bell.</span> <span class='ocrx_word' id='word_1_102' title='bbox 1433 863 1478 912; x_wconf 87' lang='lat'>2,</span> <span class='ocrx_word' id='word_1_103' title='bbox 1510 864 1575 911; x_wconf 91' lang='lat'>11,</span> <span class='ocrx_word' id='word_1_104' title='bbox 1608 863 1658 912; x_wconf 93' lang='lat'>1,·</span> <span class='ocrx_word' id='word_1_105' title='bbox 1697 860 1762 904; x_wconf 91' lang='lat' dir='ltr'>Io.</span> <span class='ocrx_word' id='word_1_106' title='bbox 1794 860 1994 904; x_wconf 75' lang='lat' dir='ltr'>Antioeh.</span> 
     </span>
     <span class='ocr_line' id='line_1_12' title="bbox 248 925 1994 983; baseline 0.002 -15"><span class='ocrx_word' id='word_1_107' title='bbox 248 926 306 980; x_wconf 80' lang='lat' dir='ltr'>fr.</span> <span class='ocrx_word' id='word_1_108' title='bbox 327 928 382 968; x_wconf 82' lang='lat'>84</span> <span class='ocrx_word' id='word_1_109' title='bbox 415 925 580 968; x_wconf 77' lang='lat' dir='ltr'>Maller</span> <span class='ocrx_word' id='word_1_110' title='bbox 608 926 675 981; x_wconf 79' lang='lat' dir='ltr'>(ex</span> <span class='ocrx_word' id='word_1_111' title='bbox 694 925 867 983; x_wconf 86' lang='lat' dir='ltr'>Dione).</span> <span class='ocrx_word' id='word_1_112' title='bbox 922 927 1009 970; x_wconf 89' lang='lat' dir='ltr'>Per</span> <span class='ocrx_word' id='word_1_113' title='bbox 1038 926 1119 971; x_wconf 91' lang='lat' dir='ltr'>Cn.</span> <span class='ocrx_word' id='word_1_114' title='bbox 1145 928 1342 972; x_wconf 84' lang='lat' dir='ltr'>Sentium</span> <span class='ocrx_word' id='word_1_115' title='bbox 1373 936 1416 971; x_wconf 88' lang='lat' dir='ltr'>et</span> <span class='ocrx_word' id='word_1_116' title='bbox 1446 928 1500 972; x_wconf 88' lang='lat' dir='ltr'>A.</span> <span class='ocrx_word' id='word_1_117' title='bbox 1533 928 1751 972; x_wconf 90' lang='lat' dir='ltr'>Plautium</span> <span class='ocrx_word' id='word_1_118' title='bbox 1784 928 1994 972; x_wconf 90' lang='lat' dir='ltr'>Claudius</span> 
     </span>
     <span class='ocr_line' id='line_1_13' title="bbox 244 994 1995 1052; baseline 0.002 -16"><span class='ocrx_word' id='word_1_119' title='bbox 244 994 516 1037; x_wconf 86' lang='lat' dir='ltr'>Britanniam</span> <span class='ocrx_word' id='word_1_120' title='bbox 537 994 731 1038; x_wconf 85' lang='lat' dir='ltr'>devincit</span> <span class='ocrx_word' id='word_1_121' title='bbox 745 995 930 1051; x_wconf 76' lang='lat' dir='ltr'>Eutrop.</span> <span class='ocrx_word' id='word_1_122' title='bbox 950 1000 988 1047; x_wconf 93' lang='lat'>7,</span> <span class='ocrx_word' id='word_1_123' title='bbox 1010 999 1087 1048; x_wconf 86' lang='lat'>13;</span> <span class='ocrx_word' id='word_1_124' title='bbox 1106 997 1271 1040; x_wconf 83' lang='lat' dir='ltr'>videtur</span> <span class='ocrx_word' id='word_1_125' title='bbox 1291 998 1424 1052; x_wconf 82' lang='lat' dir='ltr'>fuisse</span> <span class='ocrx_word' id='word_1_126' title='bbox 1443 998 1557 1040; x_wconf 86' lang='lat' dir='ltr'>inter</span> <span class='ocrx_word' id='word_1_127' title='bbox 1567 998 1806 1052; x_wconf 75' lang='lat' dir='ltr'>primarios</span> <span class='ocrx_word' id='word_1_128' title='bbox 1826 999 1995 1041; x_wconf 75' lang='lat' dir='ltr'>comites</span> 
     </span>
     <span class='ocr_line' id='line_1_14' title="bbox 250 1062 1993 1120; baseline 0.002 -15"><span class='ocrx_word' id='word_1_129' title='bbox 250 1062 432 1106; x_wconf 77' lang='lat' dir='ltr'>Claudii</span> <span class='ocrx_word' id='word_1_130' title='bbox 450 1063 712 1118; x_wconf 74' lang='lat' dir='ltr'><em>expeditione</em></span> <span class='ocrx_word' id='word_1_131' title='bbox 731 1063 1009 1116; x_wconf 79' lang='lat' dir='ltr'>Britannica,</span> <span class='ocrx_word' id='word_1_132' title='bbox 1043 1067 1098 1120; x_wconf 79' lang='lat' dir='ltr'>ef.</span> <span class='ocrx_word' id='word_1_133' title='bbox 1121 1066 1302 1109; x_wconf 76' lang='lat' dir='ltr'>Hubner</span> <span class='ocrx_word' id='word_1_134' title='bbox 1322 1066 1470 1109; x_wconf 81' lang='lat' dir='ltr'>Herni.</span> <span class='ocrx_word' id='word_1_135' title='bbox 1487 1070 1553 1117; x_wconf 88' lang='grc'>16,</span> <span class='ocrx_word' id='word_1_136' title='bbox 1575 1069 1669 1110; x_wconf 88' lang='grc'><em>519.</em></span> <span class='ocrx_word' id='word_1_137' title='bbox 1719 1071 1788 1108; x_wconf 86' lang='lat' dir='ltr'>Ex</span> <span class='ocrx_word' id='word_1_138' title='bbox 1810 1067 1993 1109; x_wconf 89' lang='lat' dir='ltr'>auctori-</span> 
     </span>
     <span class='ocr_line' id='line_1_15' title="bbox 250 1131 1993 1190; baseline 0.003 -16"><span class='ocrx_word' id='word_1_139' title='bbox 250 1139 338 1175; x_wconf 87' lang='lat' dir='ltr'>tate</span> <span class='ocrx_word' id='word_1_140' title='bbox 369 1131 542 1175; x_wconf 85' lang='lat' dir='ltr'>Claudii</span> <span class='ocrx_word' id='word_1_141' title='bbox 574 1133 718 1175; x_wconf 89' lang='lat' dir='ltr'>nescio</span> <span class='ocrx_word' id='word_1_142' title='bbox 751 1133 867 1190; x_wconf 90' lang='lat' dir='ltr'>quod</span> <span class='ocrx_word' id='word_1_143' title='bbox 900 1148 1009 1190; x_wconf 90' lang='lat' dir='ltr'>opus</span> <span class='ocrx_word' id='word_1_144' title='bbox 1041 1135 1322 1177; x_wconf 88' lang='lat' dir='ltr'>reficiendum</span> <span class='ocrx_word' id='word_1_145' title='bbox 1354 1142 1478 1177; x_wconf 90' lang='lat' dir='ltr'>curat</span> <span class='ocrx_word' id='word_1_146' title='bbox 1500 1134 1670 1178; x_wconf 69' lang='lat' dir='ltr'>Notieie</span> <span class='ocrx_word' id='word_1_147' title='bbox 1690 1138 1805 1178; x_wconf 87' lang='lat'>1890</span> <span class='ocrx_word' id='word_1_148' title='bbox 1824 1150 1873 1190; x_wconf 77' lang='lat' dir='ltr'>p.</span> <span class='ocrx_word' id='word_1_149' title='bbox 1894 1139 1993 1179; x_wconf 80' lang='grc'><em>214.</em></span> 
     </span>
    </p>

    <p class='ocr_par' dir='ltr' id='par_1_5' title="bbox 164 1201 1995 1395">
     <span class='ocr_line' id='line_1_16' title="bbox 164 1201 1995 1247; baseline 0.001 -3"><span class='ocrx_word' id='word_1_150' title='bbox 164 1201 248 1244; x_wconf 87' lang='grc'>297</span> <span class='ocrx_word' id='word_1_151' title='bbox 279 1207 324 1246; x_wconf 89' lang='lat' dir='ltr'>L.</span> <span class='ocrx_word' id='word_1_152' title='bbox 357 1208 566 1244; x_wconf 91' lang='lat' dir='ltr'><strong>SENTIVS</strong></span> <span class='ocrx_word' id='word_1_153' title='bbox 600 1208 944 1245; x_wconf 87' lang='lat' dir='ltr'><strong>SATVRNINVS:</strong></span> <span class='ocrx_word' id='word_1_154' title='bbox 977 1204 1070 1246; x_wconf 87' lang='lat' dir='ltr'>eius</span> <span class='ocrx_word' id='word_1_155' title='bbox 1102 1219 1254 1246; x_wconf 88' lang='lat' dir='ltr'>servus</span> <span class='ocrx_word' id='word_1_156' title='bbox 1285 1203 1507 1246; x_wconf 84' lang='lat' dir='ltr'>vestificus</span> <span class='ocrx_word' id='word_1_157' title='bbox 1539 1204 1607 1246; x_wconf 90' lang='lat' dir='ltr'>VI</span> <span class='ocrx_word' id='word_1_158' title='bbox 1630 1207 1755 1247; x_wconf 88' lang='lat'>9979.</span> <span class='ocrx_word' id='word_1_159' title='bbox 1821 1204 1995 1247; x_wconf 87' lang='lat' dir='ltr'>Videtur</span> 
     </span>
     <span class='ocr_line' id='line_1_17' title="bbox 248 1270 1994 1328; baseline 0.002 -16"><span class='ocrx_word' id='word_1_160' title='bbox 248 1270 380 1325; x_wconf 81' lang='lat' dir='ltr'>fuisse</span> <span class='ocrx_word' id='word_1_161' title='bbox 418 1270 576 1313; x_wconf 84' lang='lat' dir='ltr'>nobilis</span> <span class='ocrx_word' id='word_1_162' title='bbox 614 1271 759 1322; x_wconf 77' lang='lat' dir='ltr'>honio,</span> <span class='ocrx_word' id='word_1_163' title='bbox 802 1286 853 1314; x_wconf 77' lang='lat' dir='ltr'>ex</span> <span class='ocrx_word' id='word_1_164' title='bbox 884 1271 1005 1315; x_wconf 82' lang='lat' dir='ltr'>domo</span> <span class='ocrx_word' id='word_1_165' title='bbox 1036 1287 1180 1315; x_wconf 82' lang='lat' dir='ltr'>eorum</span> <span class='ocrx_word' id='word_1_166' title='bbox 1209 1273 1283 1327; x_wconf 79' lang='lat' dir='ltr'>qui</span> <span class='ocrx_word' id='word_1_167' title='bbox 1301 1272 1589 1328; x_wconf 74' lang='lat' dir='ltr'>praecedunt,</span> <span class='ocrx_word' id='word_1_168' title='bbox 1630 1273 1814 1327; x_wconf 80' lang='lat' dir='ltr'>fortasse</span> <span class='ocrx_word' id='word_1_169' title='bbox 1846 1274 1994 1315; x_wconf 87' lang='lat' dir='ltr'>tertius</span> 
     </span>
     <span class='ocr_line' id='line_1_18' title="bbox 248 1339 1348 1395; baseline 0.003 -13"><span class='ocrx_word' id='word_1_170' title='bbox 248 1339 436 1395; x_wconf 73' lang='lat' dir='ltr'>filiorum</span> <span class='ocrx_word' id='word_1_171' title='bbox 464 1339 509 1384; x_wconf 82' lang='lat' dir='ltr'>C.</span> <span class='ocrx_word' id='word_1_172' title='bbox 542 1339 682 1383; x_wconf 80' lang='lat' dir='ltr'>Sentii</span> <span class='ocrx_word' id='word_1_173' title='bbox 712 1340 945 1384; x_wconf 82' lang='lat' dir='ltr'>Saturnini</span> <span class='ocrx_word' id='word_1_174' title='bbox 973 1341 1156 1384; x_wconf 81' lang='lat' dir='ltr'>consulis</span> <span class='ocrx_word' id='word_1_175' title='bbox 1188 1356 1227 1384; x_wconf 92' lang='lat' dir='ltr'>a.</span> <span class='ocrx_word' id='word_1_176' title='bbox 1255 1344 1348 1385; x_wconf 85' lang='grc'><em>735.</em></span> 
     </span>
    </p>

    <p class='ocr_par' dir='ltr' id='par_1_6' title="bbox 163 1409 1992 1533">
     <span class='ocr_line' id='line_1_19' title="bbox 163 1409 1992 1466; baseline 0 -14"><span class='ocrx_word' id='word_1_177' title='bbox 163 1409 245 1452; x_wconf 83' lang='grc'>298</span> <span class='ocrx_word' id='word_1_178' title='bbox 279 1415 320 1451; x_wconf 88' lang='lat' dir='ltr'>C.</span> <span class='ocrx_word' id='word_1_179' title='bbox 354 1415 564 1451; x_wconf 90' lang='lat' dir='ltr'><strong>SENTIVS</strong></span> <span class='ocrx_word' id='word_1_180' title='bbox 598 1415 823 1452; x_wconf 86' lang='lat' dir='ltr'><strong>SEVERVS</strong></span> <span class='ocrx_word' id='word_1_181' title='bbox 856 1416 1158 1462; x_wconf 80' lang='lat' dir='ltr'>QVADRATVS</span> <span class='ocrx_word' id='word_1_182' title='bbox 1189 1410 1455 1453; x_wconf 87' lang='lat' dir='ltr'>clarissimus</span> <span class='ocrx_word' id='word_1_183' title='bbox 1487 1411 1569 1466; x_wconf 90' lang='lat' dir='ltr'>vir,</span> <span class='ocrx_word' id='word_1_184' title='bbox 1601 1411 1764 1453; x_wconf 88' lang='lat' dir='ltr'>amicus</span> <span class='ocrx_word' id='word_1_185' title='bbox 1787 1416 1830 1453; x_wconf 89' lang='lat' dir='ltr'>et</span> <span class='ocrx_word' id='word_1_186' title='bbox 1849 1425 1992 1452; x_wconf 86' lang='lat' dir='ltr'>comes</span> 
     </span>
     <span class='ocr_line' id='line_1_20' title="bbox 247 1477 1083 1533; baseline 0.005 -14"><span class='ocrx_word' id='word_1_187' title='bbox 247 1477 435 1533; x_wconf 85' lang='lat' dir='ltr'>Augusti</span> <span class='ocrx_word' id='word_1_188' title='bbox 467 1481 496 1521; x_wconf 91' lang='lat' dir='ltr'>t.</span> <span class='ocrx_word' id='word_1_189' title='bbox 530 1478 867 1522; x_wconf 84' lang='lat' dir='ltr'>Mediolanensis</span> <span class='ocrx_word' id='word_1_190' title='bbox 898 1478 941 1523; x_wconf 84' lang='lat' dir='ltr'><strong><em>V</em></strong></span> <span class='ocrx_word' id='word_1_191' title='bbox 960 1482 1083 1523; x_wconf 88' lang='grc'><em>5811.</em></span> 
     </span>
    </p>

    <p class='ocr_par' dir='ltr' id='par_1_7' title="bbox 164 1546 1989 1674">
     <span class='ocr_line' id='line_1_21' title="bbox 164 1546 1989 1604; baseline -0.001 -14"><span class='ocrx_word' id='word_1_192' title='bbox 164 1546 248 1590; x_wconf 85' lang='grc'>299</span> <span class='ocrx_word' id='word_1_193' title='bbox 281 1552 466 1589; x_wconf 88' lang='lat' dir='ltr'>SENTIA</span> <span class='ocrx_word' id='word_1_194' title='bbox 499 1553 683 1589; x_wconf 89' lang='lat' dir='ltr'><strong>SABINA</strong></span> <span class='ocrx_word' id='word_1_195' title='bbox 715 1547 898 1602; x_wconf 88' lang='lat' dir='ltr'>(Savina</span> <span class='ocrx_word' id='word_1_196' title='bbox 923 1547 1065 1604; x_wconf 76' lang='lat' dir='ltr'>lapis),</span> <span class='ocrx_word' id='word_1_197' title='bbox 1097 1549 1265 1603; x_wconf 91' lang='lat' dir='ltr'>marito,</span> <span class='ocrx_word' id='word_1_198' title='bbox 1292 1549 1469 1591; x_wconf 87' lang='lat' dir='ltr'>‘oratori</span> <span class='ocrx_word' id='word_1_199' title='bbox 1500 1548 1566 1590; x_wconf 85' lang='lat' dir='ltr'>sui</span> <span class='ocrx_word' id='word_1_200' title='bbox 1597 1547 1803 1604; x_wconf 90' lang='lat' dir='ltr'>temporis</span> <span class='ocrx_word' id='word_1_201' title='bbox 1834 1548 1989 1604; x_wconf 81' lang='lat' dir='ltr'>primo&#39;</span> 
     </span>
     <span class='ocr_line' id='line_1_22' title="bbox 246 1615 1951 1674; baseline -0.001 -15"><span class='ocrx_word' id='word_1_202' title='bbox 246 1622 411 1672; x_wconf 86' lang='lat' dir='ltr'>(nomen</span> <span class='ocrx_word' id='word_1_203' title='bbox 432 1616 584 1672; x_wconf 76' lang='lat' dir='ltr'>periit)</span> <span class='ocrx_word' id='word_1_204' title='bbox 615 1615 789 1659; x_wconf 88' lang='lat' dir='ltr'>titulum</span> <span class='ocrx_word' id='word_1_205' title='bbox 818 1618 963 1674; x_wconf 84' lang='lat' dir='ltr'>posuit</span> <span class='ocrx_word' id='word_1_206' title='bbox 1003 1619 1030 1659; x_wconf 94' lang='lat' dir='ltr'>t.</span> <span class='ocrx_word' id='word_1_207' title='bbox 1061 1617 1255 1660; x_wconf 83' lang='lat' dir='ltr'>urbanus</span> <span class='ocrx_word' id='word_1_208' title='bbox 1283 1616 1469 1659; x_wconf 87' lang='lat' dir='ltr'>ineditus</span> <span class='ocrx_word' id='word_1_209' title='bbox 1499 1615 1554 1672; x_wconf 86' lang='lat' dir='ltr'>(v.</span> <span class='ocrx_word' id='word_1_210' title='bbox 1583 1615 1697 1659; x_wconf 76' lang='lat' dir='ltr'><strong><em>CIL.</em></strong></span> <span class='ocrx_word' id='word_1_211' title='bbox 1727 1615 1797 1658; x_wconf 86' lang='lat' dir='ltr'>VI</span> <span class='ocrx_word' id='word_1_212' title='bbox 1819 1615 1951 1670; x_wconf 76' lang='lat' dir='ltr'>add).</span> 
     </span>
    </p>

    <p class='ocr_par' dir='ltr' id='par_1_8' title="bbox 174 1685 851 1740">
     <span class='ocr_line' id='line_1_23' title="bbox 174 1685 851 1740; baseline 0.003 -14"><span class='ocrx_word' id='word_1_213' title='bbox 174 1709 233 1715; x_wconf 91' lang='lat'>—</span> <span class='ocrx_word' id='word_1_214' title='bbox 278 1685 519 1740; x_wconf 83' lang='lat' dir='ltr'><strong>[S]ATR1VS</strong></span> <span class='ocrx_word' id='word_1_215' title='bbox 552 1691 851 1728; x_wconf 86' lang='lat' dir='ltr'>SEP...TVS.</span> 
     </span>
    </p>

    <p class='ocr_par' dir='ltr' id='par_1_9' title="bbox 159 1753 1878 1812">
     <span class='ocr_line' id='line_1_24' title="bbox 159 1753 1878 1812; baseline 0 -15"><span class='ocrx_word' id='word_1_216' title='bbox 159 1754 245 1797; x_wconf 87' lang='lat'>300</span> <span class='ocrx_word' id='word_1_217' title='bbox 276 1753 504 1811; x_wconf 83' lang='lat' dir='ltr'>Septicius,</span> <span class='ocrx_word' id='word_1_218' title='bbox 538 1755 702 1797; x_wconf 88' lang='lat' dir='ltr'>amicus</span> <span class='ocrx_word' id='word_1_219' title='bbox 733 1755 944 1812; x_wconf 87' lang='lat' dir='ltr'>Torquati</span> <span class='ocrx_word' id='word_1_220' title='bbox 977 1755 1126 1811; x_wconf 61' lang='lat' dir='ltr'>(supra</span> <span class='ocrx_word' id='word_1_221' title='bbox 1149 1755 1211 1797; x_wconf 88' lang='lat' dir='ltr'><em>M</em></span> <span class='ocrx_word' id='word_1_222' title='bbox 1223 1754 1329 1810; x_wconf 84' lang='lat'><strong><em>122)</em></strong></span> <span class='ocrx_word' id='word_1_223' title='bbox 1360 1754 1518 1798; x_wconf 90' lang='lat' dir='ltr'>Horat.</span> <span class='ocrx_word' id='word_1_224' title='bbox 1542 1754 1660 1809; x_wconf 75' lang='lat' dir='ltr'>epist.</span> <span class='ocrx_word' id='word_1_225' title='bbox 1683 1757 1722 1805; x_wconf 94' lang='lat'>1,</span> <span class='ocrx_word' id='word_1_226' title='bbox 1743 1755 1783 1805; x_wconf 87' lang='grc'>5,</span> <span class='ocrx_word' id='word_1_227' title='bbox 1806 1756 1878 1797; x_wconf 85' lang='grc'><em>26.</em></span> 
     </span>
    </p>

    <p class='ocr_par' dir='ltr' id='par_1_10' title="bbox 159 1822 1994 1946">
     <span class='ocr_line' id='line_1_25' title="bbox 159 1822 1994 1881; baseline -0.001 -15"><span class='ocrx_word' id='word_1_228' title='bbox 159 1823 240 1867; x_wconf 83' lang='grc'>301</span> <span class='ocrx_word' id='word_1_229' title='bbox 275 1822 514 1880; x_wconf 84' lang='lat' dir='ltr'>Septicius,</span> <span class='ocrx_word' id='word_1_230' title='bbox 553 1838 579 1865; x_wconf 90' lang='lat' dir='ltr'>a</span> <span class='ocrx_word' id='word_1_231' title='bbox 609 1838 692 1880; x_wconf 93' lang='lat' dir='ltr'>quo</span> <span class='ocrx_word' id='word_1_232' title='bbox 725 1831 955 1879; x_wconf 86' lang='lat' dir='ltr'>argentum</span> <span class='ocrx_word' id='word_1_233' title='bbox 984 1824 1281 1881; x_wconf 82' lang='lat' dir='ltr'>Septicianum</span> <span class='ocrx_word' id='word_1_234' title='bbox 1313 1823 1513 1866; x_wconf 84' lang='lat' dir='ltr'>Martial.</span> <span class='ocrx_word' id='word_1_235' title='bbox 1544 1827 1584 1874; x_wconf 77' lang='lat'>4,</span> <span class='ocrx_word' id='word_1_236' title='bbox 1615 1825 1683 1874; x_wconf 93' lang='grc'>88,</span> <span class='ocrx_word' id='word_1_237' title='bbox 1715 1825 1755 1865; x_wconf 82' lang='lat'>3.</span> <span class='ocrx_word' id='word_1_238' title='bbox 1795 1825 1837 1874; x_wconf 94' lang='grc'>8,</span> <span class='ocrx_word' id='word_1_239' title='bbox 1869 1826 1935 1874; x_wconf 90' lang='grc'>71,</span> <span class='ocrx_word' id='word_1_240' title='bbox 1967 1825 1994 1865; x_wconf 89' lang='grc'><em>6</em></span> 
     </span>
     <span class='ocr_line' id='line_1_26' title="bbox 248 1891 929 1946; baseline 0.004 -13"><span class='ocrx_word' id='word_1_241' title='bbox 248 1892 303 1946; x_wconf 83' lang='lat' dir='ltr'>ef.</span> <span class='ocrx_word' id='word_1_242' title='bbox 334 1891 625 1934; x_wconf 77' lang='lat' dir='ltr'>Friedldnder</span> <span class='ocrx_word' id='word_1_243' title='bbox 657 1891 716 1934; x_wconf 94' lang='lat' dir='ltr'>ad</span> <span class='ocrx_word' id='word_1_244' title='bbox 738 1895 778 1943; x_wconf 82' lang='lat'>4,</span> <span class='ocrx_word' id='word_1_245' title='bbox 799 1895 868 1943; x_wconf 92' lang='lat'>88,</span> <span class='ocrx_word' id='word_1_246' title='bbox 889 1895 929 1938; x_wconf 83' lang='grc'><em>3.</em></span> 
     </span>
    </p>

    <p class='ocr_par' dir='ltr' id='par_1_11' title="bbox 159 1959 1993 3054">
     <span class='ocr_line' id='line_1_27' title="bbox 159 1959 1990 2017; baseline -0.001 -12"><span class='ocrx_word' id='word_1_247' title='bbox 159 1960 244 2005; x_wconf 83' lang='lat'>302</span> <span class='ocrx_word' id='word_1_248' title='bbox 276 1959 325 2004; x_wconf 91' lang='lat' dir='ltr'>C.</span> <span class='ocrx_word' id='word_1_249' title='bbox 358 1959 574 2017; x_wconf 87' lang='lat' dir='ltr'>Septicius</span> <span class='ocrx_word' id='word_1_250' title='bbox 617 1959 773 2003; x_wconf 83' lang='lat' dir='ltr'>Clarus</span> <span class='ocrx_word' id='word_1_251' title='bbox 815 1961 1052 2017; x_wconf 89' lang='lat' dir='ltr'>(Septicius</span> <span class='ocrx_word' id='word_1_252' title='bbox 1095 1960 1250 2004; x_wconf 84' lang='lat' dir='ltr'>Clarus</span> <span class='ocrx_word' id='word_1_253' title='bbox 1290 1961 1362 2003; x_wconf 84' lang='lat' dir='ltr'>vit.</span> <span class='ocrx_word' id='word_1_254' title='bbox 1403 1960 1560 2012; x_wconf 90' lang='lat' dir='ltr'>Hadr.,</span> <span class='ocrx_word' id='word_1_255' title='bbox 1603 1959 1725 2003; x_wconf 86' lang='lat' dir='ltr'>Plin.</span> <span class='ocrx_word' id='word_1_256' title='bbox 1761 1974 1822 2014; x_wconf 75' lang='lat' dir='ltr'>ep.</span> <span class='ocrx_word' id='word_1_257' title='bbox 1854 1962 1894 2010; x_wconf 87' lang='lat'>1,</span> <span class='ocrx_word' id='word_1_258' title='bbox 1925 1962 1990 2010; x_wconf 87' lang='lat'><strong><em>15,</em></strong></span> 
     </span>
     <span class='ocr_line' id='line_1_28' title="bbox 248 2027 1991 2087; baseline -0.002 -14"><span class='ocrx_word' id='word_1_259' title='bbox 248 2029 462 2086; x_wconf 86' lang='lat' dir='ltr'>Septicius</span> <span class='ocrx_word' id='word_1_260' title='bbox 483 2028 603 2072; x_wconf 79' lang='lat' dir='ltr'>Ptin.</span> <span class='ocrx_word' id='word_1_261' title='bbox 626 2044 688 2084; x_wconf 77' lang='lat' dir='ltr'>ep.</span> <span class='ocrx_word' id='word_1_262' title='bbox 709 2033 748 2080; x_wconf 93' lang='lat'>1,</span> <span class='ocrx_word' id='word_1_263' title='bbox 771 2033 811 2073; x_wconf 91' lang='lat'>1.</span> <span class='ocrx_word' id='word_1_264' title='bbox 842 2034 877 2081; x_wconf 91' lang='grc'>7,</span> <span class='ocrx_word' id='word_1_265' title='bbox 900 2032 972 2074; x_wconf 88' lang='grc'>28.</span> <span class='ocrx_word' id='word_1_266' title='bbox 1005 2033 1046 2081; x_wconf 92' lang='grc'>8,</span> <span class='ocrx_word' id='word_1_267' title='bbox 1067 2034 1105 2081; x_wconf 93' lang='grc'>1,</span> <span class='ocrx_word' id='word_1_268' title='bbox 1129 2030 1338 2087; x_wconf 78' lang='grc' dir='ltr'>Σεπτίμιος</span> <span class='ocrx_word' id='word_1_269' title='bbox 1357 2029 1527 2084; x_wconf 75' lang='lat' dir='ltr'>Lydus,·</span> <span class='ocrx_word' id='word_1_270' title='bbox 1557 2029 1606 2074; x_wconf 92' lang='lat' dir='ltr'>C.</span> <span class='ocrx_word' id='word_1_271' title='bbox 1632 2029 1849 2085; x_wconf 87' lang='lat' dir='ltr'>Septicius</span> <span class='ocrx_word' id='word_1_272' title='bbox 1871 2027 1991 2071; x_wconf 76' lang='lat' dir='ltr'>Ptin.</span> 
     </span>
     <span class='ocr_line' id='line_1_29' title="bbox 247 2097 1992 2155; baseline -0.002 -14"><span class='ocrx_word' id='word_1_273' title='bbox 247 2113 308 2154; x_wconf 74' lang='lat' dir='ltr'>ep.</span> <span class='ocrx_word' id='word_1_274' title='bbox 339 2101 383 2149; x_wconf 91' lang='grc'><em>2,</em></span> <span class='ocrx_word' id='word_1_275' title='bbox 410 2101 450 2150; x_wconf 90' lang='grc'><em>9,</em></span> <span class='ocrx_word' id='word_1_276' title='bbox 480 2102 529 2151; x_wconf 82' lang='grc'>4;</span> <span class='ocrx_word' id='word_1_277' title='bbox 548 2112 811 2153; x_wconf 76' lang='lat' dir='ltr'>praenomen</span> <span class='ocrx_word' id='word_1_278' title='bbox 841 2099 989 2155; x_wconf 70' lang='lat' dir='ltr'>firmat</span> <span class='ocrx_word' id='word_1_279' title='bbox 1018 2103 1046 2143; x_wconf 87' lang='lat' dir='ltr'>t.</span> <span class='ocrx_word' id='word_1_280' title='bbox 1078 2099 1284 2142; x_wconf 85' lang='lat' dir='ltr'>Ostiensis</span> <span class='ocrx_word' id='word_1_281' title='bbox 1313 2098 1395 2141; x_wconf 88' lang='lat' dir='ltr'>XI</span> <span class='ocrx_word' id='word_1_282' title='bbox 1400 2098 1592 2153; x_wconf 80' lang='lat' dir='ltr'><strong><em>V1594).</em></strong></span> <span class='ocrx_word' id='word_1_283' title='bbox 1640 2097 1710 2140; x_wconf 93' lang='lat' dir='ltr'>Ad</span> <span class='ocrx_word' id='word_1_284' title='bbox 1743 2112 1839 2140; x_wconf 88' lang='lat' dir='ltr'>eum</span> <span class='ocrx_word' id='word_1_285' title='bbox 1870 2097 1992 2139; x_wconf 89' lang='lat' dir='ltr'>dedit</span> 
     </span>
     <span class='ocr_line' id='line_1_30' title="bbox 247 2165 1990 2223; baseline -0.001 -14"><span class='ocrx_word' id='word_1_286' title='bbox 247 2167 418 2210; x_wconf 89' lang='lat' dir='ltr'>Plinius</span> <span class='ocrx_word' id='word_1_287' title='bbox 449 2181 512 2223; x_wconf 74' lang='lat' dir='ltr'>ep.</span> <span class='ocrx_word' id='word_1_288' title='bbox 542 2171 581 2219; x_wconf 91' lang='lat'>1,</span> <span class='ocrx_word' id='word_1_289' title='bbox 613 2171 653 2211; x_wconf 91' lang='lat'>1.</span> <span class='ocrx_word' id='word_1_290' title='bbox 685 2171 750 2211; x_wconf 89' lang='lat'>15.</span> <span class='ocrx_word' id='word_1_291' title='bbox 782 2171 820 2219; x_wconf 92' lang='lat'>7,</span> <span class='ocrx_word' id='word_1_292' title='bbox 852 2170 924 2212; x_wconf 86' lang='lat'>28.</span> <span class='ocrx_word' id='word_1_293' title='bbox 957 2171 997 2219; x_wconf 92' lang='grc'><em>8,</em></span> <span class='ocrx_word' id='word_1_294' title='bbox 1029 2172 1079 2219; x_wconf 91' lang='grc'>1,·</span> <span class='ocrx_word' id='word_1_295' title='bbox 1120 2169 1211 2210; x_wconf 88' lang='grc'><em>01118</em></span> <span class='ocrx_word' id='word_1_296' title='bbox 1242 2167 1418 2210; x_wconf 90' lang='lat' dir='ltr'>hortatu</span> <span class='ocrx_word' id='word_1_297' title='bbox 1450 2166 1620 2209; x_wconf 90' lang='lat' dir='ltr'>Plinius</span> <span class='ocrx_word' id='word_1_298' title='bbox 1651 2165 1859 2223; x_wconf 87' lang='lat' dir='ltr'>epistulas</span> <span class='ocrx_word' id='word_1_299' title='bbox 1890 2181 1990 2208; x_wconf 89' lang='lat' dir='ltr'>suas</span> 
     </span>
     <span class='ocr_line' id='line_1_31' title="bbox 247 2235 1992 2292; baseline -0.002 -13"><span class='ocrx_word' id='word_1_300' title='bbox 247 2235 423 2292; x_wconf 87' lang='lat' dir='ltr'>collegit</span> <span class='ocrx_word' id='word_1_301' title='bbox 452 2243 495 2280; x_wconf 91' lang='lat' dir='ltr'>et</span> <span class='ocrx_word' id='word_1_302' title='bbox 525 2236 661 2280; x_wconf 88' lang='lat' dir='ltr'>edidit</span> <span class='ocrx_word' id='word_1_303' title='bbox 691 2236 812 2280; x_wconf 75' lang='lat' dir='ltr'>Ptin.</span> <span class='ocrx_word' id='word_1_304' title='bbox 845 2251 905 2292; x_wconf 80' lang='lat' dir='ltr'>ep.</span> <span class='ocrx_word' id='word_1_305' title='bbox 928 2241 967 2288; x_wconf 91' lang='lat'>1,</span> <span class='ocrx_word' id='word_1_306' title='bbox 989 2240 1029 2279; x_wconf 86' lang='lat'>1.</span> <span class='ocrx_word' id='word_1_307' title='bbox 1053 2263 1105 2270; x_wconf 90' lang='lat'>—</span> <span class='ocrx_word' id='word_1_308' title='bbox 1138 2236 1210 2279; x_wconf 91' lang='lat' dir='ltr'>Ab</span> <span class='ocrx_word' id='word_1_309' title='bbox 1239 2236 1468 2279; x_wconf 89' lang='lat' dir='ltr'>Hadriano</span> <span class='ocrx_word' id='word_1_310' title='bbox 1501 2235 1746 2292; x_wconf 85' lang='lat' dir='ltr'>praefectus</span> <span class='ocrx_word' id='word_1_311' title='bbox 1776 2236 1992 2291; x_wconf 87' lang='lat' dir='ltr'>praetorio</span> 
     </span>
     <span class='ocr_line' id='line_1_32' title="bbox 249 2303 1993 2363; baseline -0.002 -15"><span class='ocrx_word' id='word_1_312' title='bbox 249 2304 389 2349; x_wconf 86' lang='lat' dir='ltr'>factus</span> <span class='ocrx_word' id='word_1_313' title='bbox 434 2306 481 2349; x_wconf 90' lang='lat' dir='ltr'>in</span> <span class='ocrx_word' id='word_1_314' title='bbox 522 2305 667 2349; x_wconf 91' lang='grc'><em>10011111</em></span> <span class='ocrx_word' id='word_1_315' title='bbox 710 2306 934 2363; x_wconf 91' lang='lat' dir='ltr'>(Sulpicii)</span> <span class='ocrx_word' id='word_1_316' title='bbox 976 2305 1161 2360; x_wconf 87' lang='lat' dir='ltr'>Similis,</span> <span class='ocrx_word' id='word_1_317' title='bbox 1210 2320 1297 2347; x_wconf 89' lang='lat' dir='ltr'>una</span> <span class='ocrx_word' id='word_1_318' title='bbox 1342 2319 1440 2347; x_wconf 92' lang='lat' dir='ltr'>cum</span> <span class='ocrx_word' id='word_1_319' title='bbox 1481 2304 1534 2358; x_wconf 78' lang='lat' dir='ltr'>Q.</span> <span class='ocrx_word' id='word_1_320' title='bbox 1577 2304 1744 2346; x_wconf 89' lang='lat' dir='ltr'>Marcio</span> <span class='ocrx_word' id='word_1_321' title='bbox 1784 2303 1993 2346; x_wconf 88' lang='lat' dir='ltr'>Turbone</span> 
     </span>
     <span class='ocr_line' id='line_1_33' title="bbox 245 2372 1991 2431; baseline -0.002 -14"><span class='ocrx_word' id='word_1_322' title='bbox 245 2375 319 2418; x_wconf 84' lang='lat' dir='ltr'>vit.</span> <span class='ocrx_word' id='word_1_323' title='bbox 354 2374 497 2418; x_wconf 83' lang='lat' dir='ltr'>Hadr.</span> <span class='ocrx_word' id='word_1_324' title='bbox 529 2378 570 2426; x_wconf 88' lang='lat'>9,</span> <span class='ocrx_word' id='word_1_325' title='bbox 603 2378 642 2420; x_wconf 90' lang='lat'>5.</span> <span class='ocrx_word' id='word_1_326' title='bbox 702 2375 757 2417; x_wconf 88' lang='lat' dir='ltr'>Ei</span> <span class='ocrx_word' id='word_1_327' title='bbox 789 2389 888 2417; x_wconf 91' lang='lat' dir='ltr'>cum</span> <span class='ocrx_word' id='word_1_328' title='bbox 918 2381 1034 2416; x_wconf 86' lang='lat' dir='ltr'>esset</span> <span class='ocrx_word' id='word_1_329' title='bbox 1063 2374 1308 2431; x_wconf 87' lang='lat' dir='ltr'>praefectus</span> <span class='ocrx_word' id='word_1_330' title='bbox 1338 2374 1556 2431; x_wconf 88' lang='lat' dir='ltr'>praetorio</span> <span class='ocrx_word' id='word_1_331' title='bbox 1588 2373 1821 2417; x_wconf 88' lang='lat' dir='ltr'>Suetonius</span> <span class='ocrx_word' id='word_1_332' title='bbox 1852 2372 1991 2415; x_wconf 88' lang='lat' dir='ltr'>Tran-</span> 
     </span>
     <span class='ocr_line' id='line_1_34' title="bbox 251 2440 1990 2501; baseline -0.002 -14"><span class='ocrx_word' id='word_1_333' title='bbox 251 2443 411 2501; x_wconf 89' lang='lat' dir='ltr'>quillus</span> <span class='ocrx_word' id='word_1_334' title='bbox 441 2445 554 2486; x_wconf 87' lang='lat' dir='ltr'>vitas</span> <span class='ocrx_word' id='word_1_335' title='bbox 578 2443 817 2488; x_wconf 83' lang='lat' dir='ltr'>Caesarum</span> <span class='ocrx_word' id='word_1_336' title='bbox 847 2443 1068 2486; x_wconf 88' lang='lat' dir='ltr'>dedicavit</span> <span class='ocrx_word' id='word_1_337' title='bbox 1087 2443 1234 2498; x_wconf 70' lang='lat' dir='ltr'>Isydus</span> <span class='ocrx_word' id='word_1_338' title='bbox 1255 2443 1305 2485; x_wconf 94' lang='lat' dir='ltr'>de</span> <span class='ocrx_word' id='word_1_339' title='bbox 1331 2457 1442 2498; x_wconf 71' lang='lat' dir='ltr'>may.</span> <span class='ocrx_word' id='word_1_340' title='bbox 1465 2446 1508 2494; x_wconf 89' lang='grc'>2,</span> <span class='ocrx_word' id='word_1_341' title='bbox 1531 2446 1557 2485; x_wconf 84' lang='grc'><em>6</em></span> <span class='ocrx_word' id='word_1_342' title='bbox 1578 2457 1627 2497; x_wconf 75' lang='lat' dir='ltr'>p.</span> <span class='ocrx_word' id='word_1_343' title='bbox 1649 2445 1730 2484; x_wconf 90' lang='lat'>171</span> <span class='ocrx_word' id='word_1_344' title='bbox 1761 2441 1824 2485; x_wconf 88' lang='lat' dir='ltr'>ed.</span> <span class='ocrx_word' id='word_1_345' title='bbox 1849 2440 1990 2484; x_wconf 89' lang='lat' dir='ltr'>Bonn.</span> 
     </span>
     <span class='ocr_line' id='line_1_35' title="bbox 251 2511 1992 2570; baseline -0.002 -14"><span class='ocrx_word' id='word_1_346' title='bbox 251 2512 363 2557; x_wconf 90' lang='lat' dir='ltr'>Cum</span> <span class='ocrx_word' id='word_1_347' title='bbox 404 2513 521 2570; x_wconf 85' lang='lat' dir='ltr'>apud</span> <span class='ocrx_word' id='word_1_348' title='bbox 563 2513 771 2556; x_wconf 89' lang='lat' dir='ltr'>Sabinam</span> <span class='ocrx_word' id='word_1_349' title='bbox 810 2527 993 2555; x_wconf 87' lang='lat' dir='ltr'>uxorem</span> <span class='ocrx_word' id='word_1_350' title='bbox 1033 2512 1247 2555; x_wconf 88' lang='lat' dir='ltr'>Hadriani</span> <span class='ocrx_word' id='word_1_351' title='bbox 1285 2511 1542 2555; x_wconf 88' lang='lat' dir='ltr'>familiarius</span> <span class='ocrx_word' id='word_1_352' title='bbox 1573 2526 1618 2554; x_wconf 91' lang='lat' dir='ltr'>se</span> <span class='ocrx_word' id='word_1_353' title='bbox 1649 2512 1829 2566; x_wconf 85' lang='lat' dir='ltr'>egisset,</span> <span class='ocrx_word' id='word_1_354' title='bbox 1871 2525 1992 2567; x_wconf 87' lang='lat' dir='ltr'>prae-</span> 
     </span>
     <span class='ocr_line' id='line_1_36' title="bbox 251 2579 1993 2636; baseline -0.002 -11"><span class='ocrx_word' id='word_1_355' title='bbox 251 2582 422 2625; x_wconf 88' lang='lat' dir='ltr'>fectura</span> <span class='ocrx_word' id='word_1_356' title='bbox 453 2584 493 2625; x_wconf 91' lang='lat' dir='ltr'>ei</span> <span class='ocrx_word' id='word_1_357' title='bbox 525 2581 672 2625; x_wconf 88' lang='lat' dir='ltr'>ablata</span> <span class='ocrx_word' id='word_1_358' title='bbox 706 2583 777 2624; x_wconf 86' lang='lat' dir='ltr'>vit.</span> <span class='ocrx_word' id='word_1_359' title='bbox 810 2581 952 2626; x_wconf 91' lang='lat' dir='ltr'>Hadr.</span> <span class='ocrx_word' id='word_1_360' title='bbox 983 2585 1049 2632; x_wconf 92' lang='lat'>11,</span> <span class='ocrx_word' id='word_1_361' title='bbox 1079 2584 1107 2624; x_wconf 86' lang='lat'><em>3</em></span> <span class='ocrx_word' id='word_1_362' title='bbox 1137 2581 1318 2636; x_wconf 80' lang='lat' dir='ltr'>(facturn</span> <span class='ocrx_word' id='word_1_363' title='bbox 1352 2581 1395 2624; x_wconf 83' lang='lat' dir='ltr'>id</span> <span class='ocrx_word' id='word_1_364' title='bbox 1422 2594 1507 2624; x_wconf 91' lang='lat' dir='ltr'>esse</span> <span class='ocrx_word' id='word_1_365' title='bbox 1538 2594 1631 2623; x_wconf 81' lang='lat' dir='ltr'>euni</span> <span class='ocrx_word' id='word_1_366' title='bbox 1661 2579 1918 2623; x_wconf 82' lang='lat' dir='ltr'>Hadrianus</span> <span class='ocrx_word' id='word_1_367' title='bbox 1946 2580 1993 2622; x_wconf 91' lang='lat' dir='ltr'>in</span> 
     </span>
     <span class='ocr_line' id='line_1_37' title="bbox 248 2649 1989 2706; baseline -0.002 -12"><span class='ocrx_word' id='word_1_368' title='bbox 248 2651 489 2694; x_wconf 88' lang='lat' dir='ltr'>Britannia</span> <span class='ocrx_word' id='word_1_369' title='bbox 511 2651 687 2706; x_wconf 76' lang='lat' dir='ltr'>deyeret,</span> <span class='ocrx_word' id='word_1_370' title='bbox 709 2651 875 2693; x_wconf 83' lang='lat' dir='ltr'>videtur</span> <span class='ocrx_word' id='word_1_371' title='bbox 897 2650 1042 2705; x_wconf 73' lang='lat' dir='ltr'>eolliyi</span> <span class='ocrx_word' id='word_1_372' title='bbox 1051 2664 1179 2705; x_wconf 76' lang='lat' dir='ltr'>posse</span> <span class='ocrx_word' id='word_1_373' title='bbox 1200 2664 1251 2693; x_wconf 75' lang='lat' dir='ltr'>ex</span> <span class='ocrx_word' id='word_1_374' title='bbox 1269 2651 1341 2692; x_wconf 82' lang='lat' dir='ltr'>vit.</span> <span class='ocrx_word' id='word_1_375' title='bbox 1366 2650 1393 2694; x_wconf 87' lang='lat' dir='ltr'>l.</span> <span class='ocrx_word' id='word_1_376' title='bbox 1416 2664 1464 2701; x_wconf 82' lang='lat' dir='ltr'>e.,</span> <span class='ocrx_word' id='word_1_377' title='bbox 1499 2650 1554 2704; x_wconf 78' lang='lat' dir='ltr'>ef.</span> <span class='ocrx_word' id='word_1_378' title='bbox 1584 2649 1807 2692; x_wconf 83' lang='lat' dir='ltr'>Tillemont</span> <span class='ocrx_word' id='word_1_379' title='bbox 1826 2652 1870 2699; x_wconf 94' lang='grc'>2,</span> <span class='ocrx_word' id='word_1_380' title='bbox 1892 2651 1989 2703; x_wconf 84' lang='grc'><em>238,</em></span> 
     </span>
     <span class='ocr_line' id='line_1_38' title="bbox 249 2716 1991 2774; baseline -0.002 -12"><span class='ocrx_word' id='word_1_381' title='bbox 249 2721 415 2763; x_wconf 85' lang='lat' dir='ltr'>videtur</span> <span class='ocrx_word' id='word_1_382' title='bbox 446 2723 586 2763; x_wconf 82' lang='lat' dir='ltr'>autem</span> <span class='ocrx_word' id='word_1_383' title='bbox 615 2719 873 2762; x_wconf 84' lang='lat' dir='ltr'>Hadrianus</span> <span class='ocrx_word' id='word_1_384' title='bbox 903 2719 950 2762; x_wconf 90' lang='lat' dir='ltr'>in</span> <span class='ocrx_word' id='word_1_385' title='bbox 979 2718 1220 2762; x_wconf 83' lang='lat' dir='ltr'>Britannia</span> <span class='ocrx_word' id='word_1_386' title='bbox 1251 2719 1411 2774; x_wconf 76' lang='lat' dir='ltr'>deyisse</span> <span class='ocrx_word' id='word_1_387' title='bbox 1441 2733 1481 2761; x_wconf 91' lang='lat' dir='ltr'>a.</span> <span class='ocrx_word' id='word_1_388' title='bbox 1502 2722 1600 2769; x_wconf 88' lang='lat'><strong><em>121,</em></strong></span> <span class='ocrx_word' id='word_1_389' title='bbox 1639 2716 1864 2760; x_wconf 79' lang='lat' dir='ltr'>,Tillemont</span> <span class='ocrx_word' id='word_1_390' title='bbox 1889 2717 1914 2759; x_wconf 81' lang='lat' dir='ltr'>l.</span> <span class='ocrx_word' id='word_1_391' title='bbox 1942 2731 1991 2768; x_wconf 89' lang='lat' dir='ltr'>e.,</span> 
     </span>
     <span class='ocr_line' id='line_1_39' title="bbox 249 2785 1992 2844; baseline -0.002 -13"><span class='ocrx_word' id='word_1_392' title='bbox 249 2789 313 2832; x_wconf 82' lang='lat' dir='ltr'>vel</span> <span class='ocrx_word' id='word_1_393' title='bbox 342 2793 443 2840; x_wconf 90' lang='grc'><em>122,</em></span> <span class='ocrx_word' id='word_1_394' title='bbox 475 2788 602 2831; x_wconf 83' lang='lat' dir='ltr'>Du&#39;rr</span> <span class='ocrx_word' id='word_1_395' title='bbox 631 2788 789 2831; x_wconf 88' lang='lat' dir='ltr'>Reisen</span> <span class='ocrx_word' id='word_1_396' title='bbox 820 2788 891 2831; x_wconf 88' lang='lat' dir='ltr'>des</span> <span class='ocrx_word' id='word_1_397' title='bbox 922 2788 1131 2831; x_wconf 83' lang='lat' dir='ltr'>Hadrian</span> <span class='ocrx_word' id='word_1_398' title='bbox 1150 2803 1199 2843; x_wconf 76' lang='lat' dir='ltr'>p.</span> <span class='ocrx_word' id='word_1_399' title='bbox 1220 2790 1307 2844; x_wconf 87' lang='lat'><strong><em>36).</em></strong></span> <span class='ocrx_word' id='word_1_400' title='bbox 1367 2787 1438 2830; x_wconf 92' lang='lat' dir='ltr'>Ab</span> <span class='ocrx_word' id='word_1_401' title='bbox 1463 2787 1689 2830; x_wconf 89' lang='lat' dir='ltr'>Hadriano</span> <span class='ocrx_word' id='word_1_402' title='bbox 1718 2787 1907 2843; x_wconf 91' lang='lat' dir='ltr'>primum</span> <span class='ocrx_word' id='word_1_403' title='bbox 1937 2785 1992 2827; x_wconf 91' lang='lat' dir='ltr'>ad</span> 
     </span>
     <span class='ocr_line' id='line_1_40' title="bbox 251 2855 1991 2914; baseline -0.002 -14"><span class='ocrx_word' id='word_1_404' title='bbox 251 2873 439 2901; x_wconf 89' lang='lat' dir='ltr'>summos</span> <span class='ocrx_word' id='word_1_405' title='bbox 484 2858 668 2900; x_wconf 87' lang='lat' dir='ltr'>honores</span> <span class='ocrx_word' id='word_1_406' title='bbox 710 2866 906 2913; x_wconf 88' lang='lat' dir='ltr'>evectus,</span> <span class='ocrx_word' id='word_1_407' title='bbox 949 2865 1167 2914; x_wconf 87' lang='lat' dir='ltr'>postremo</span> <span class='ocrx_word' id='word_1_408' title='bbox 1212 2857 1348 2900; x_wconf 88' lang='lat' dir='ltr'>hostis</span> <span class='ocrx_word' id='word_1_409' title='bbox 1392 2856 1486 2899; x_wconf 92' lang='lat' dir='ltr'>loco</span> <span class='ocrx_word' id='word_1_410' title='bbox 1530 2856 1703 2899; x_wconf 89' lang='lat' dir='ltr'>habitus</span> <span class='ocrx_word' id='word_1_411' title='bbox 1742 2856 1814 2898; x_wconf 81' lang='lat' dir='ltr'>vit.</span> <span class='ocrx_word' id='word_1_412' title='bbox 1851 2855 1991 2898; x_wconf 86' lang='lat' dir='ltr'>Hadr.</span> 
     </span>
     <span class='ocr_line' id='line_1_41' title="bbox 251 2924 1992 2982; baseline -0.003 -10"><span class='ocrx_word' id='word_1_413' title='bbox 251 2931 316 2979; x_wconf 89' lang='lat'>15,</span> <span class='ocrx_word' id='word_1_414' title='bbox 346 2931 390 2971; x_wconf 93' lang='lat'>2.</span> <span class='ocrx_word' id='word_1_415' title='bbox 446 2926 703 2970; x_wconf 88' lang='lat' dir='ltr'>Avunculus</span> <span class='ocrx_word' id='word_1_416' title='bbox 735 2927 883 2969; x_wconf 87' lang='lat' dir='ltr'>Erucii</span> <span class='ocrx_word' id='word_1_417' title='bbox 918 2926 1037 2970; x_wconf 89' lang='lat' dir='ltr'>Clari</span> <span class='ocrx_word' id='word_1_418' title='bbox 1066 2927 1182 2972; x_wconf 72' lang='lat' dir='ltr'>Ptin.</span> <span class='ocrx_word' id='word_1_419' title='bbox 1208 2942 1270 2982; x_wconf 76' lang='lat' dir='ltr'>ep.</span> <span class='ocrx_word' id='word_1_420' title='bbox 1302 2930 1346 2978; x_wconf 90' lang='grc'>2,</span> <span class='ocrx_word' id='word_1_421' title='bbox 1380 2930 1418 2978; x_wconf 90' lang='grc'>9,</span> <span class='ocrx_word' id='word_1_422' title='bbox 1451 2930 1490 2971; x_wconf 79' lang='grc'><em>4.</em></span> <span class='ocrx_word' id='word_1_423' title='bbox 1550 2926 1695 2969; x_wconf 84' lang='lat' dir='ltr'>Huius</span> <span class='ocrx_word' id='word_1_424' title='bbox 1734 2926 1823 2967; x_wconf 90' lang='lat' dir='ltr'>sine</span> <span class='ocrx_word' id='word_1_425' title='bbox 1866 2924 1992 2967; x_wconf 86' lang='lat' dir='ltr'>dubio</span> 
     </span>
     <span class='ocr_line' id='line_1_42' title="bbox 254 2994 1859 3054; baseline -0.003 -14"><span class='ocrx_word' id='word_1_426' title='bbox 254 2997 417 3054; x_wconf 90' lang='lat' dir='ltr'>Septici</span> <span class='ocrx_word' id='word_1_427' title='bbox 449 2995 568 3039; x_wconf 90' lang='lat' dir='ltr'>Clari</span> <span class='ocrx_word' id='word_1_428' title='bbox 598 3011 749 3039; x_wconf 86' lang='lat' dir='ltr'>servus</span> <span class='ocrx_word' id='word_1_429' title='bbox 782 2996 899 3050; x_wconf 91' lang='lat' dir='ltr'>(cum</span> <span class='ocrx_word' id='word_1_430' title='bbox 930 2996 1018 3039; x_wconf 91' lang='lat' dir='ltr'>filio</span> <span class='ocrx_word' id='word_1_431' title='bbox 1050 2995 1100 3039; x_wconf 91' lang='lat' dir='ltr'>C.</span> <span class='ocrx_word' id='word_1_432' title='bbox 1133 2996 1343 3053; x_wconf 90' lang='lat' dir='ltr'>Septicio)</span> <span class='ocrx_word' id='word_1_433' title='bbox 1372 2995 1500 3039; x_wconf 87' lang='lat' dir='ltr'>XIV</span> <span class='ocrx_word' id='word_1_434' title='bbox 1520 2998 1629 3038; x_wconf 81' lang='lat'>1594</span> <span class='ocrx_word' id='word_1_435' title='bbox 1659 2994 1859 3050; x_wconf 83' lang='lat' dir='ltr'>(Ostiae).</span> 
     </span>
    </p>

    <p class='ocr_par' dir='ltr' id='par_1_12' title="bbox 178 3063 1506 3121">
     <span class='ocr_line' id='line_1_43' title="bbox 178 3063 1506 3121; baseline -0.001 -14"><span class='ocrx_word' id='word_1_436' title='bbox 178 3091 238 3098; x_wconf 92' lang='lat'>—</span> <span class='ocrx_word' id='word_1_437' title='bbox 281 3065 334 3119; x_wconf 77' lang='lat' dir='ltr'>Q.</span> <span class='ocrx_word' id='word_1_438' title='bbox 368 3064 575 3108; x_wconf 87' lang='lat' dir='ltr'>Caicilius</span> <span class='ocrx_word' id='word_1_439' title='bbox 606 3063 802 3108; x_wconf 86' lang='lat' dir='ltr'>Cisiacus</span> <span class='ocrx_word' id='word_1_440' title='bbox 835 3064 1052 3121; x_wconf 89' lang='lat' dir='ltr'>Septicius</span> <span class='ocrx_word' id='word_1_441' title='bbox 1083 3065 1190 3108; x_wconf 88' lang='lat' dir='ltr'>Pica</span> <span class='ocrx_word' id='word_1_442' title='bbox 1217 3064 1506 3108; x_wconf 84' lang='lat' dir='ltr'>Caecilianus.</span> 
     </span>
    </p>

    <p class='ocr_par' dir='ltr' id='par_1_13' title="bbox 166 3129 1991 3328">
     <span class='ocr_line' id='line_1_44' title="bbox 166 3129 1991 3191; baseline -0.004 -12"><span class='ocrx_word' id='word_1_443' title='bbox 166 3137 251 3180; x_wconf 86' lang='lat'>303</span> <span class='ocrx_word' id='word_1_444' title='bbox 283 3135 495 3191; x_wconf 87' lang='lat' dir='ltr'>Septicia,</span> <span class='ocrx_word' id='word_1_445' title='bbox 541 3140 680 3176; x_wconf 88' lang='lat' dir='ltr'>mater</span> <span class='ocrx_word' id='word_1_446' title='bbox 725 3133 1040 3176; x_wconf 85' lang='lat' dir='ltr'>Trachalorum</span> <span class='ocrx_word' id='word_1_447' title='bbox 1080 3132 1441 3187; x_wconf 85' lang='lat' dir='ltr'>Ariminensium,</span> <span class='ocrx_word' id='word_1_448' title='bbox 1482 3134 1594 3175; x_wconf 88' lang='lat' dir='ltr'>irata</span> <span class='ocrx_word' id='word_1_449' title='bbox 1637 3131 1738 3174; x_wconf 88' lang='lat' dir='ltr'>filiis</span> <span class='ocrx_word' id='word_1_450' title='bbox 1779 3129 1991 3172; x_wconf 86' lang='lat' dir='ltr'>secundas</span> 
     </span>
     <span class='ocr_line' id='line_1_45' title="bbox 251 3201 1990 3260; baseline -0.003 -14"><span class='ocrx_word' id='word_1_451' title='bbox 251 3204 426 3260; x_wconf 90' lang='lat' dir='ltr'>nuptias</span> <span class='ocrx_word' id='word_1_452' title='bbox 462 3217 559 3245; x_wconf 89' lang='lat' dir='ltr'>cum</span> <span class='ocrx_word' id='word_1_453' title='bbox 590 3201 787 3245; x_wconf 90' lang='lat' dir='ltr'>Publicio</span> <span class='ocrx_word' id='word_1_454' title='bbox 819 3202 1010 3259; x_wconf 86' lang='lat' dir='ltr'>quodam</span> <span class='ocrx_word' id='word_1_455' title='bbox 1045 3201 1279 3245; x_wconf 88' lang='lat' dir='ltr'>admodum</span> <span class='ocrx_word' id='word_1_456' title='bbox 1309 3216 1412 3244; x_wconf 88' lang='lat' dir='ltr'>sene</span> <span class='ocrx_word' id='word_1_457' title='bbox 1452 3202 1691 3255; x_wconf 86' lang='lat' dir='ltr'>contraxit,</span> <span class='ocrx_word' id='word_1_458' title='bbox 1733 3204 1990 3243; x_wconf 87' lang='lat' dir='ltr'>testamento</span> 
     </span>
     <span class='ocr_line' id='line_1_46' title="bbox 253 3267 1989 3328; baseline -0.004 -13"><span class='ocrx_word' id='word_1_459' title='bbox 253 3274 382 3316; x_wconf 90' lang='lat' dir='ltr'>etiam</span> <span class='ocrx_word' id='word_1_460' title='bbox 412 3278 648 3328; x_wconf 90' lang='lat' dir='ltr'>utrumque</span> <span class='ocrx_word' id='word_1_461' title='bbox 673 3271 809 3313; x_wconf 92' lang='lat' dir='ltr'>filium</span> <span class='ocrx_word' id='word_1_462' title='bbox 841 3271 1079 3327; x_wconf 87' lang='lat' dir='ltr'>praeteriit,</span> <span class='ocrx_word' id='word_1_463' title='bbox 1108 3285 1239 3327; x_wconf 86' lang='lat' dir='ltr'>quam</span> <span class='ocrx_word' id='word_1_464' title='bbox 1259 3286 1352 3314; x_wconf 91' lang='lat' dir='ltr'>rem</span> <span class='ocrx_word' id='word_1_465' title='bbox 1372 3271 1611 3326; x_wconf 81' lang='lat' dir='ltr'>AugustuS,</span> <span class='ocrx_word' id='word_1_466' title='bbox 1645 3269 1791 3311; x_wconf 88' lang='lat' dir='ltr'>aditus</span> <span class='ocrx_word' id='word_1_467' title='bbox 1821 3283 1848 3310; x_wconf 90' lang='lat' dir='ltr'>a</span> <span class='ocrx_word' id='word_1_468' title='bbox 1876 3267 1989 3322; x_wconf 90' lang='lat' dir='ltr'>filiis,</span> 
     </span>
    </p>
   </div>
   <div class='ocr_carea' id='block_1_5' title="bbox 249 3330 910 3390">
    <p class='ocr_par' dir='ltr' id='par_1_14' title="bbox 249 3330 910 3390">
     <span class='ocr_line' id='line_1_47' title="bbox 249 3330 910 3390; baseline -0.003 -6"><span class='ocrx_word' id='word_1_469' title='bbox 249 3330 441 3384; x_wconf 80' lang='lat' dir='ltr'>correxit</span> <span class='ocrx_word' id='word_1_470' title='bbox 469 3339 562 3384; x_wconf 81' lang='lat' dir='ltr'>Vaz.</span> <span class='ocrx_word' id='word_1_471' title='bbox 596 3339 720 3382; x_wconf 75' lang='lat' dir='ltr'>Max.</span> <span class='ocrx_word' id='word_1_472' title='bbox 750 3343 787 3390; x_wconf 90' lang='lat'>7,</span> <span class='ocrx_word' id='word_1_473' title='bbox 812 3343 849 3390; x_wconf 93' lang='lat'>7,</span> <span class='ocrx_word' id='word_1_474' title='bbox 870 3343 910 3383; x_wconf 79' lang='lat'>4.</span> 
     </span>
    </p>
   </div>
  </div>
 </body>
</html>
