2242 3672
159 242 426 281 SCRIBONIA
1030 238 1111 282 187
1707 242 1978 280 SCVTARIVS

244 390 355 433 quae
386 373 591 418 Cornelia
627 388 765 429 genus
805 382 1035 431 paternum
1065 377 1253 419 ducebat
1281 376 1338 419 ab
1370 382 1669 433 expugnatore
1700 375 1979 432 Carthaginis

243 453 287 488 et
330 445 591 487 Numantiae
634 444 691 488 ib.
731 458 769 487 v.
805 448 872 487 30.
908 448 985 496 38,
1029 453 1071 488 et
1111 461 1222 503 quae
1264 445 1470 488 defuncta
1515 452 1580 488 est
1623 445 1758 488 fratre
1803 444 1979 488 consule

241 514 299 557 ib.
330 527 368 556 v.
401 516 466 556 66.
533 512 696 555 Frater
735 512 804 554 hic
835 513 1083 568 plerumque
1113 517 1300 569 putatur
1339 514 1391 558 P.
1429 513 1650 558 Cornelius
1685 514 1832 569 Scipio
1861 513 1913 556 P.
1945 514 1978 568 f.

244 582 389 626 consul
429 581 518 625 ord.
561 595 672 624 anno
707 584 801 632 738,
834 586 1009 636 patrem
1048 584 1136 626 eius
1174 587 1214 627 et
1246 583 1468 627 Corneliae
1505 583 1720 626 Biondius
1760 583 1842 626 atti
1881 582 1978 625 dell'

244 650 488 694 accademia
516 664 700 694 romana
731 650 777 693 di
806 651 1075 707 archeoloyia
1106 653 1174 696 VI
1188 668 1236 708 p.
1256 656 1337 696 319
1366 667 1462 708 seq„
1502 667 1623 707 quem
1650 653 1839 707 sequitur
1867 652 1978 695 Bor-

239 720 409 776 yhesius
439 734 532 775 opp.
565 723 604 771 4,
638 723 706 762 70.
737 722 777 771 5,
808 723 907 771 289,
938 722 1091 763 statuit
1118 722 1251 775 fuisse
1277 722 1518 765 Cornelium
1548 720 1856 777 (Scipionem.9)
1884 735 1980 764 con-

241 789 374 832 sulem
412 787 634 841 suffectum
675 803 786 831 anno
817 792 898 831 716
935 789 1061 844 (fasti
1087 790 1260 842 Biond.,
1299 790 1412 835 CIL.
1435 791 1470 834 I
1484 805 1531 846 p.
1552 794 1646 842 467,
1679 791 1740 834 ed.
1766 794 1798 834 2
1818 805 1865 845 p.
1887 789 1981 842 65)‚·

241 861 289 901 ut
326 857 395 901 liic
430 858 565 912 fuerit
602 859 641 901 is
675 873 727 901 ex
761 859 982 913 prioribus
1025 860 1197 902 maritis
1238 860 1510 911 Scriboniae,
1558 874 1609 903 eoe
1643 874 1722 914 quo
1762 859 1843 903 illa
1883 862 1981 902 ante

243 941 401 970 annum
432 931 511 970 714
539 931 677 970 mater
706 928 828 982 facta
859 930 931 972 est.
985 928 1073 971 Sed
1103 929 1253 980 obstat,
1286 929 1399 983 quod
1423 928 1645 972 Cornelius
1673 929 1755 980 liic,
1791 930 1832 972 si
1861 929 1977 973 Scri-

242 996 414 1039 boniam
445 1000 542 1039 ante
573 1011 733 1039 annum
756 999 837 1039 714
864 999 1044 1039 matrem
1069 997 1267 1049 reddidit,
1301 1001 1398 1040 tunc
1417 997 1603 1040 nondum
1623 998 1709 1052 fuit
1728 998 1978 1048 consularis,

240 1065 315 1108 sed
348 1065 585 1108 consularis
616 1065 778 1120 aliquot
807 1065 969 1108 demum
1000 1066 1125 1108 annis
1146 1069 1300 1120 postea
1329 1067 1471 1120 factus
1501 1070 1561 1109 est
1589 1081 1717 1121 quam
1748 1067 1980 1110 Scribonia

242 1135 296 1177 ab
328 1148 374 1177 eo
405 1134 648 1185 divertisset,
681 1134 911 1177 Suetonius
943 1137 1083 1176 autem
1113 1134 1259 1185 tradit,
1294 1138 1391 1177 ante
1422 1149 1580 1177 annum
1603 1138 1682 1178 714
1707 1135 1980 1179 Scriboniam

241 1202 536 1246 consularibus
574 1206 752 1258 nuptam
792 1217 843 1245 ex
881 1216 964 1245 uno
1005 1217 1149 1245 eorum
1187 1207 1367 1246 matrem
1402 1204 1566 1258 factam
1595 1217 1706 1256 essc,·
1736 1208 1979 1259 praeterea,

238 1272 327 1314 nisi
355 1273 514 1315 erravit
543 1272 784 1323 Suetonius,
818 1270 1017 1315 Cornelia
1049 1272 1251 1326 putanda
1282 1275 1342 1314 cst
1377 1273 1524 1327 yenita
1553 1285 1639 1315 esse
1678 1273 1820 1315 eodem
1849 1276 1981 1328 patre

240 1355 321 1395 quo
346 1340 567 1384 Cornelius
586 1340 885 1385 Marcellinus.
931 1340 1139 1383 Fortasse
1158 1341 1377 1395 utriusque
1398 1344 1530 1396 pater
1558 1342 1642 1395 fuit
1663 1340 1736 1384 Cn.
1762 1341 1981 1385 Cornelius

241 1410 448 1452 Lentulus
479 1410 786 1461 Marcellinus,
827 1410 901 1464 qui
931 1413 1074 1465 potest
1111 1410 1223 1452 inter
1260 1410 1445 1452 maiores
1483 1423 1725 1453 numerasse
1765 1410 1981 1465 Scipiones

239 1478 476 1533 Africanos
514 1478 579 1521 vel
619 1482 728 1522 certe
769 1493 797 1521 a
832 1481 965 1533 poeta
1009 1478 1234 1521 laudatore
1271 1479 1416 1533 potuit
1461 1478 1548 1521 dici
1587 1492 1719 1533 ¹oenus
1765 1479 1913 1522 ducere
1953 1493 1981 1521 a

240 1547 513 1602 Scipionibus
557 1545 776 1601 (Lentulos
822 1549 951 1591 etiam
995 1548 1043 1590 in
1091 1547 1333 1602 sepulerum
1379 1547 1625 1602 Scipionum
1668 1561 1712 1590 se
1761 1548 1981 1591 intrusisse

239 1617 404 1659 monuit
433 1617 702 1672 Mommsen).
727 1643 780 1648 —
800 1617 931 1660 Anno
955 1617 1039 1660 714
1064 1618 1108 1658 in
1139 1617 1465 1659 matrimonium
1495 1631 1591 1658 eam
1621 1617 1789 1673 aceepit
1820 1616 1982 1660 Caesar

239 1684 429 1740 Appian.
463 1686 500 1729 b.
533 1699 568 1729 c.
598 1688 637 1737 5,
668 1689 744 1737 53,
785 1685 875 1729 Dio
911 1688 979 1737 48,
1010 1688 1065 1728 16
1098 1685 1317 1741 (Zonaras
1349 1688 1415 1736 10,
1453 1688 1543 1741 21),
1589 1685 1706 1729 Suet.
1746 1684 1860 1740 Auy.
1901 1688 1982 1737 62;

187 1745 191 1749 ’
241 1755 296 1808 cf.
334 1755 433 1798 Tac.
471 1769 510 1798 a.
539 1758 582 1806 2,
614 1758 683 1806 27,
728 1754 844 1798 Suet.
880 1754 930 1797 de
956 1769 1138 1810 yramm.
1169 1758 1236 1798 19.
1310 1755 1538 1798 Scribonia
1580 1754 1780 1798 Caesaris
1820 1757 1849 1797 t.
1879 1758 1979 1799 1-4.

241 1823 311 1866 Ex
362 1823 548 1867 Caesare
599 1830 739 1866 mater
787 1823 927 1867 Iuliae
975 1839 1012 1868 a.
1059 1825 1141 1867 715
1192 1823 1281 1867 Dio
1321 1826 1388 1875 48,
1427 1827 1483 1866 34
1533 1824 1588 1878 cf.
1628 1826 1700 1875 55,
1743 1827 1809 1874 10,
1862 1823 1979 1867 Suet.

237 1893 350 1948 Auy.
383 1896 448 1944 63,
482 1900 524 1936 et
554 1895 698 1937 statim
729 1894 784 1936 ab
818 1908 867 1936 eo
899 1893 1080 1936 dimissa
1108 1893 1198 1937 Dio
1231 1894 1257 1937 l.
1290 1908 1338 1945 c.,
1371 1893 1488 1937 Suet.
1520 1893 1634 1948 Aug).
1666 1896 1736 1937 62.
1769 1896 1836 1944 69,
1875 1892 1979 1935 Vict.

241 1963 339 2017 epit.
372 1966 443 2014 26,
479 1963 551 2006 ‘ob
593 1978 764 2005 morum
795 1964 1157 2020 perversitatem',
1189 1970 1240 2005 ut
1270 1964 1362 2020 ipse
1392 1962 1586 2020 prodidit
1616 1962 1734 2006 Suet.
1765 1961 1878 2017 Auy.
1909 1965 1979 2017 62,

241 2031 311 2074 vel
336 2031 469 2088 ‘quod
500 2032 679 2074 nimiam
701 2033 939 2089 potentiam
960 2032 1116 2074 Liviae
1136 2031 1318 2074 liberius
1339 2031 1523 2074 tulisset‘
1548 2031 1605 2074 ib.
1627 2034 1694 2075 69.
1746 2031 1874 2073 Anno
1898 2031 1979 2074 752

242 2099 399 2142 Iuliam
429 2100 563 2143 filiam
594 2102 798 2144 comitata
822 2103 867 2144 in
891 2100 1072 2143 exilium
1104 2101 1206 2145 Vell.
1227 2104 1270 2151 2,
1296 2104 1389 2151 100,
1422 2100 1510 2143 Dio
1530 2103 1596 2151 55,
1618 2103 1686 2151 10,
1714 2099 1980 2143 ‘voluntaria

241 2168 363 2211 exilii
393 2171 633 2226 permansit
664 2177 824 2213 eomes’
859 2170 961 2214 Vell.
984 2170 1010 2212 l.
1034 2184 1066 2214 c.
1090 2169 1271 2225 (videtur
1301 2170 1435 2225 iyitur
1463 2168 1581 2224 filiae
1611 2168 1822 2211 adsedisse
1850 2182 1979 2224 usque

242 2237 302 2281 ad
331 2238 419 2281 eius
449 2242 636 2291 mortem,
668 2254 778 2295 quae
808 2240 940 2282 evenit
972 2253 1085 2282 anno
1111 2242 1194 2281 767
1219 2259 1275 2273 Ξ
1296 2253 1345 2293 p.
1375 2237 1480 2281 Chr.
1505 2237 1590 2287 14).
1643 2237 1790 2279 Druso
1821 2237 1979 2280 Liboni

242 2308 394 2363 suasit,
427 2322 482 2350 ne
513 2308 596 2351 sibi
627 2315 811 2351 mortem
841 2308 1103 2350 acceleraret
1133 2305 1190 2360 (a.
1218 2310 1299 2350 769
1330 2327 1386 2342 =
1408 2322 1456 2362 p.
1487 2306 1592 2351 Chr.
1623 2305 1692 2360 16)
1725 2305 1888 2350 Seneca
1917 2321 1980 2361 ep.

243 2379 309 2428 70,
340 2380 394 2419 10
437 2378 622 2433 (gravis
661 2378 837 2419 femina‘
873 2378 958 2429 ib.,·
996 2378 1068 2419 vix
1109 2376 1202 2419 alia
1237 2376 1531 2431 intelleyitur).
1575 2400 1628 2405 -—
1670 2374 1981 2432 Aphrodisium

243 2447 587 2502 grammaticum,
621 2446 780 2490 Orbilii
812 2460 1006 2500 servum,
1040 2461 1066 2487 a
1096 2445 1269 2488 domino
1297 2445 1482 2487 redemit
1512 2451 1555 2487 et
1584 2445 1833 2486 manumisit
1863 2444 1980 2488 Suet.

244 2513 293 2557 de
321 2529 503 2569 yramm.
526 2518 579 2558 19
610 2515 682 2570 (cf.
714 2529 848 2570 supra
876 2515 953 2558 sub
985 2514 1212 2558 Scribonio
1241 2512 1535 2569 Aphrodisio).

159 2584 237 2626 221
274 2589 543 2626 SCRIBONIA
578 2583 725 2626 Crassi
762 2599 895 2639 uxor,
934 2584 1105 2626 Pisonis
1143 2584 1361 2642 Liciniani
1398 2589 1538 2625 mater
1573 2582 1672 2627 Tac.
1703 2581 1744 2624 h.
1775 2585 1814 2633 1,
1845 2585 1899 2624 14
1928 2583 1981 2636 cf.

244 2651 353 2694 Plut
400 2652 527 2696 Galb.
553 2656 612 2696 23
643 2653 736 2707 (ubi
766 2652 956 2695 traditur
986 2654 1203 2709 κρητίωνος
1234 2666 1318 2706 pro
1350 2651 1626 2709 Σκριβωνίας).
1681 2650 1796 2694 Uxor
1825 2649 1984 2693 scilicet

245 2721 311 2764 M.
338 2722 501 2764 Licinii
526 2721 676 2764 Crassi
704 2721 847 2776 Fruyi
876 2721 1060 2764 consulis
1090 2735 1130 2764 a.
1153 2736 1202 2776 p.
1226 2720 1330 2764 Chr.
1358 2723 1420 2764 27
1447 2720 1598 2776 (supra
1627 2720 1667 2762 L
1696 2719 1808 2774 130),
1847 2721 1984 2761 mater

245 2790 297 2832 L.
319 2789 548 2845 Calpurnii
566 2790 740 2833 Pisonis
762 2790 984 2832 Liciniani
1013 2793 1053 2833 et
1080 2790 1338 2845 reliquorum
1368 2790 1457 2832 eius
1485 2788 1675 2844 filiorum
1705 2788 1777 2844 (cf.
1807 2791 1983 2831 stemma

246 2873 329 2913 pro
358 2860 548 2913 positum
586 2873 720 2914 supra
759 2859 836 2901 sub
869 2859 935 2901 M.
967 2859 1137 2901 Licinio
1172 2857 1328 2902 Crasso
1357 2857 1529 2913 Fruqi).
1587 2857 1756 2900 Horum
1784 2858 1863 2899 uni
1891 2870 1983 2899 cum

243 2931 450 2983 parentes
487 2941 637 2971 nomen
675 2928 953 2983 imposuerint
990 2927 1067 2971 Cn.
1098 2927 1294 2983 Pompeii
1329 2927 1509 2983 Mayni,
1547 2926 1714 2969 videtur
1754 2925 1984 2969 Scribonia

248 2997 381 3050 fuisse
421 3011 472 3039 ex
502 2997 689 3056 posteris
725 2997 870 3047 liuius,
911 3010 1033 3039 soror
1071 2996 1262 3039 videlicet
1294 2996 1360 3039 M.
1389 2995 1609 3040 Scribonii
1637 2994 1816 3037 Libonis
1846 2993 1985 3037 Drusi

249 3065 399 3120 (supra
428 3079 468 3108 n.
499 3065 614 3120 214),
645 3079 765 3119 quem
787 3068 1064 3119 pronepotem
1093 3064 1289 3119 Pompeii
1315 3065 1448 3119 fuisse
1479 3066 1659 3107 testatur
1693 3063 1791 3107 Tac.

177 3159 231 3163 —
276 3141 494 3175 AEMILIA
525 3139 783 3175 CORNELIA
814 3139 1081 3175 SCRIBONIA
1110 3139 1329 3176 MAXIMA.

177 3227 234 3232 —
279 3209 320 3245 C.
351 3209 640 3245 IAVOLENVS
673 3209 920 3244 CALVINVS
952 3205 1025 3245 cet.
1058 3208 1102 3253 Q.
1133 3208 1411 3245 VVLCACIVS
1444 3207 1730 3244 SCVPPIDIVS
1761 3205 1939 3243 VERVS.

165 3273 248 3314 222
281 3271 520 3326 Scutarius,
562 3277 766 3313 evocatus
796 3270 985 3325 Augusti
1016 3271 1087 3326 (cf.
1112 3271 1350 3314 Mommsen
1380 3271 1471 3326 eph.
1504 3285 1567 3326 ep.
1587 3273 1614 3313 5
1634 3284 1683 3325 p.
1705 3272 1785 3311 144
1813 3271 1899 3313 not.
1920 3267 1981 3322 2),

251 3341 334 3396 eui,
368 3355 466 3382 eum
496 3340 754 3382 iniuriarum
785 3338 1089 3396 postularetur,
1123 3338 1350 3394 Augustus
1380 3340 1473 3396 ipse
1499 3339 1622 3381 affuit
1643 3337 1760 3381 Suet.
1781 3336 1895 3392 Auy.
1915 3339 1981 3380 56.
