2242 3672
254 259 504 295 VMMIDIVS
1129 246 1213 289 470
1835 252 2061 289 VMMIDIA

343 389 387 432 Ο.
429 387 628 432 Ummidii
661 385 876 439 Quadrati
902 383 1085 427 consulis
1117 396 1228 425 anno
1255 384 1360 432 118,
1399 382 1488 424 nisi
1520 383 1647 437 patri
1684 383 1773 426 eius
1798 397 1949 426 nomen
1967 383 2062 439 pri-

341 458 524 500 marium
553 454 699 498 Severi
726 454 857 507 fuisse
888 456 914 495 t.
947 451 1160 507 Ephesius
1189 450 1411 493 indicaret.

257 539 338 581 602
371 543 412 578 C.
452 539 700 577 VMMIDIVS
743 531 1070 587 QVADRA[TVS]
1110 536 1335 587 cooptatus
1366 531 1411 572 in
1441 530 1669 587 collegium
1708 531 1885 589 aliquod
1925 546 2063 574 sacer-

342 604 483 647 dotale
512 618 548 645 a.
581 603 635 644 63
666 601 734 644 VI
753 603 883 645 2002.
943 600 1090 642 Filius
1123 600 1307 661 fortasse
1337 597 1382 642 0.
1413 598 1615 643 Ummidii
1641 600 1818 643 Dur-mii
1851 600 2067 654 Quadrati

338 672 555 727 praetoris
583 683 695 712 anno
724 671 791 712 18.

258 755 341 795 603
373 759 413 795 C.
439 755 690 793 VMMIDIVS
715 754 1011 799 QVADRATVS
1043 746 1315 802 (Quadratus
1336 746 1510 790 Plinius
1528 747 1592 790 vel
1612 751 1720 791 certe
1738 748 1880 792 Plinii
1907 750 2067 794 codices

340 821 597 875 plerumque,
612 817 856 861 Ummidius
872 816 935 859 vel
944 816 1222 858 Nummidius
1236 815 1485 869 Quadratus
1496 816 1639 859 Plinii
1653 817 1813 861 codices
1823 833 1885 873 ep.
1898 821 1937 870 6,
1948 821 2014 871 11,
2025 822 2065 870 1,

344 889 543 932 Umidius
579 885 828 939 Quadratus
857 885 930 928 vit.
962 883 1179 926 Hadrian.
1210 886 1276 934 15,
1310 887 1338 926 7
1344 897 1357 935 ;
1396 884 1443 926 in
1480 884 1700 927 consulatu
1740 884 1789 928 O.
1823 885 2067 929 Ummidius

345 954 623 1010 Quadra[tus]
656 957 735 997 aet.
765 953 905 1007 Aru).

431 1023 672 1067 Ummidiae
719 1019 1020 1075 Quadratillae
1060 1035 1193 1077 nepos
1228 1019 1345 1065 Plin.
1382 1034 1444 1075 ep.
1477 1024 1514 1072 7,
1546 1025 1616 1065 24.
1685 1021 1819 1065 Pater
1857 1027 1896 1066 et
1933 1027 2070 1067 mater

341 1095 607 1148 iynorantur.
654 1090 798 1133 Natus
826 1091 916 1144 fere
946 1090 1062 1131 circa
1081 1103 1239 1132 annum
1263 1092 1330 1140 84,
1352 1089 1557 1144 siquidem
1577 1091 1759 1145 epistula
1778 1090 1920 1135 leu·
1940 1096 1978 1145 7,
1995 1097 2068 1146 24,

343 1176 427 1215 qua
469 1161 738 1215 siqnifieatur
768 1159 807 1200 ei
835 1161 1033 1212 quartum
1073 1161 1113 1200 et
1152 1158 1393 1200 vicesimum
1423 1159 1577 1201 aetatis
1607 1173 1766 1202 annum
1794 1162 1979 1205 nondum
2006 1163 2071 1207 vel

342 1230 513 1272 vixdum
543 1228 749 1283 expletum
778 1240 877 1277 esse,
907 1227 1070 1281 scripta
1090 1230 1151 1269 est
1171 1227 1287 1268 eirca
1309 1237 1468 1269 annum
1486 1231 1569 1270 107
1597 1228 1662 1283 (ut
1680 1232 1813 1284 putat
1834 1229 2071 1275 Mommsen

344 1298 490 1341 Herm.
511 1300 551 1348 3,
571 1296 655 1351 50).
716 1297 769 1340 A.
801 1296 854 1338 97
887 1297 931 1337 in
963 1302 1116 1337 senatu
1146 1310 1225 1351 per
1254 1303 1438 1337 aetatem
1469 1310 1562 1338 esse
1591 1311 1678 1339 non
1706 1300 1848 1354 potuit
1869 1299 1985 1344 Plui.
2007 1315 2069 1356 ep.

346 1371 385 1418 9,
418 1370 483 1417 13,
516 1370 554 1410 1.
607 1364 961 1408 Adulescentiam
993 1366 1081 1419 egit
1110 1365 1157 1405 in
1187 1364 1472 1406 contubernio
1503 1366 1627 1407 aviae
1655 1365 1773 1409 Plin.
1794 1374 1857 1422 ep.
1880 1371 1918 1420 7,
1938 1372 2008 1421 24,
2029 1373 2070 1422 3,

347 1451 458 1493 quae
483 1449 579 1476 eum
601 1448 658 1475 ex
678 1433 803 1475 besse
830 1433 1032 1475 heredem
1053 1433 1156 1474 fecit
1183 1433 1237 1475 ib.
1261 1436 1304 1476 2.
1354 1434 1531 1475 Iuvenis
1554 1435 1755 1489 egregiae
1775 1436 1933 1480 indolis
1953 1437 2070 1482 Plin.

347 1519 409 1559 ep.
431 1508 468 1554 6,
490 1507 556 1545 11.
588 1506 626 1553 7,
649 1506 718 1546 24.
771 1502 966 1544 Uxorem
997 1501 1124 1543 duxit
1153 1502 1345 1544 nondum
1376 1501 1560 1544 XXIIII
1591 1517 1727 1545 annos
1757 1511 1885 1548 natus
1916 1506 1991 1561 (ex
2020 1521 2072 1550 ea

347 1588 433 1615 non
472 1573 617 1614 statim
637 1578 778 1627 ›pater
818 1571 975 1625 factus)
1017 1570 1137 1613 Plin.
1175 1585 1238 1625 ep.
1279 1574 1318 1621 7,
1347 1574 1418 1621 24,
1448 1573 1488 1614 3.
1550 1570 1713 1614 Causas
1753 1587 1883 1628 agere
1922 1575 2075 1632 incipit

345 1642 403 1684 ib.
425 1644 462 1692 6,
484 1644 549 1695 11,
573 1644 611 1682 1.
644 1643 682 1690 7,
704 1643 773 1690 24,
798 1643 837 1682 9.
898 1639 1088 1681 Plinium
1129 1639 1317 1681 consulit
1347 1654 1455 1695 quas
1490 1654 1643 1682 causas
1674 1642 1868 1698 recipere
1897 1643 2076 1687 deberet

345 1711 402 1753 ib.
424 1713 462 1760 6,
483 1713 555 1760 29,
577 1712 616 1751 3.
667 1708 823 1751 Libros
854 1707 987 1750 Plinii
1017 1709 1208 1750 studiose
1237 1707 1345 1763 legit
1373 1708 1431 1752 ib.
1464 1711 1503 1758 9,
1533 1711 1599 1759 13,
1625 1713 1665 1751 1.
1698 1734 1748 1740 —
1781 1709 1946 1754 Consul
1975 1713 2073 1755 suff.

348 1795 387 1822 a.
411 1779 490 1820 118
521 1791 667 1819 mense
686 1776 788 1819 Mai.
811 1784 909 1818 cum
939 1777 1040 1832 imp.
1064 1776 1289 1818 Hadriano
1315 1777 1360 1818 ΙΙ
1390 1779 1470 1818 act.
1493 1775 1599 1821 Arv.
1646 1776 1825 1820 Amicus
1847 1779 2074 1836 Hadriani,

350 1848 424 1904 qui
455 1855 605 1903 postea
632 1845 913 1887 nihilomiuus
945 1859 1046 1887 eum
1075 1846 1272 1900 graviter
1303 1845 1524 1887 insecutus
1551 1851 1616 1887 est
1634 1846 1706 1889 vit.
1726 1846 1868 1890 Hadr.
1890 1851 1956 1900 15,
1977 1852 2017 1892 7.

263 1927 347 1969 604
376 1933 428 1968 M.
460 1933 708 1968 VMMmlvs
751 1932 1051 1976 QVADRATVS
1093 1926 1348 1978 (Mummius
1389 1925 1640 1978 Quadratus
1681 1926 1870 1970 traditio·
1902 1929 1974 1972 vit.
2007 1929 2074 1974 M.

348 1995 458 2037 Aur.
480 1998 517 2050 7,
539 1999 566 2037 4
575 2009 588 2046 ,·
618 1996 662 2036 in
693 1994 913 2037 consulatu
941 1994 1001 2036 M.
1025 1994 1269 2037 Ummidius
1296 1994 1547 2047 Quadratus
1571 1994 1621 2036 X
1639 1997 1760 2046 6706,
1791 1995 1850 2040 Μ.
1875 1996 2076 2040 Umidius

352 2064 599 2116 Quadratus
631 2063 818 2105 traditur
844 2063 906 2105 II
930 2063 977 2106 S.
1009 2065 1148 2113 5232,
1181 2062 1380 2105 Umidius
1412 2062 1663 2115 Quadratus
1687 2078 1885 2119 papyrus
1913 2065 2077 2109 Latina

349 2133 483 2174 musei
510 2132 770 2182 Britannici,
803 2146 871 2186 ap.
905 2131 1099 2185 Grenfell
1133 2135 1173 2173 et
1202 2131 1327 2173 Hunt
1365 2130 1504 2173 Greek
1533 2133 1700 2186 papyri
1726 2145 1806 2175 ser.
1837 2133 1900 2176 II
1912 2148 1960 2188 p.
1982 2137 2076 2186 158,

351 2201 599 2253 Quadratus
641 2200 780 2254 alibi),
823 2201 981 2241 sororis
1012 2200 1071 2241 M.
1103 2199 1273 2241 Aurelii
1312 2199 1427 2241 filius
1465 2199 1537 2243 vit.
1577 2199 1730 2242 Marci
1766 2204 1803 2251 7,
1838 2205 1866 2244 4
1904 2202 2079 2257 (scilicet

350 2272 478 2310 natus
517 2283 567 2310 ex
604 2269 764 2322 nuptiis
802 2268 974 2309 Anniae
1011 2267 1269 2322 Cornificiae
1298 2266 1538 2309 Faustinae
1568 2270 1607 2309 et
1641 2267 1843 2310 Ummidii
1866 2269 2082 2323 Quadrati

353 2351 485 2392 supra
514 2351 555 2379 n.
577 2341 679 2387 601,
722 2351 829 2390 quae
867 2337 906 2378 si
945 2350 1037 2378 vere
1077 2337 1219 2390 factae
1263 2339 1363 2378 sunt
1401 2350 1513 2378 anno
1553 2339 1602 2378 ut
1640 2338 1798 2380 conieci
1824 2341 1920 2390 138,
1962 2339 2079 2395 filius

349 2407 615 2460 propinquus
654 2406 958 2460 imperatorum
995 2405 1140 2459 potuit
1183 2418 1295 2446 anno
1335 2408 1419 2447 167
1461 2404 1519 2446 ad
1566 2405 1830 2448 consulatum
1869 2407 2077 2461 provehi).

356 2473 518 2516 Consul
548 2473 637 2515 ord.
670 2489 707 2515 a.
735 2474 812 2515 167
846 2488 946 2515 cum
976 2474 1026 2517 L.
1047 2472 1226 2515 Aurelio
1250 2473 1364 2515 Vero
1387 2473 1586 2527 Augusto
1616 2474 1685 2515 III
1713 2475 1829 2527 fasti.
1875 2475 2080 2518 Fortasse

355 2546 429 2584 aut
471 2542 539 2583 hie
578 2545 653 2583 aut
690 2542 805 2597 filius
846 2543 934 2584 eius
973 2541 1225 2595 Quadratus
1266 2540 1539 2595 (adulescens
1574 2541 1730 2584 nobilis
1769 2543 1960 2599 Herod),
2005 2545 2079 2600 qui

357 2626 455 2653 cum
492 2610 662 2652 Lucilla
707 2612 751 2651 in
796 2611 1080 2653 Commodum
1121 2611 1366 2652 coniuravit
1406 2617 1448 2651 et
1488 2624 1590 2651 mox
1629 2613 1794 2652 occisus
1840 2619 1904 2654 est
1947 2612 2081 2666 (circa

358 2696 395 2724 a.
428 2681 528 2734 182)
558 2680 630 2721 vit.
659 2679 815 2727 Comm‚
849 2684 900 2731 4,·
935 2679 1023 2722 Dio
1056 2684 1123 2730 72,
1153 2683 1203 2731 4,·
1238 2678 1397 2723 Herod.
1429 2683 1468 2730 1,
1498 2681 1539 2730 8,
1568 2683 1609 2721 4.

275 2763 356 2804 605
388 2766 638 2801 FAVSTINA
658 2767 881 2801 VMMIDIA
903 2767 1192 2802 CORNIFIGIA
1214 2760 1388 2815 (rectius
1407 2760 1498 2801 sine
1519 2759 1644 2801 dubio
1664 2766 1889 2802 VMMIDIA
1910 2765 2081 2802 CORNI-

359 2836 495 2870 FIOIA
528 2831 806 2883 FAVSTINA).
866 2829 923 2871 Id
959 2843 1109 2871 nomen
1149 2830 1333 2883 feminae
1361 2828 1518 2870 nobilis
1549 2829 1718 2882 aynovit
1747 2828 1939 2883 Ramsay
1965 2829 2083 2871 cities

363 2897 450 2939 and
480 2896 711 2951 bishoprics
743 2898 793 2951 of
811 2897 1006 2952 Phryyia
1026 2898 1064 2948 I,
1087 2902 1112 2939 1
1143 2896 1286 2951 (1895)
1309 2911 1357 2951 p.
1379 2899 1469 2940 287
1495 2897 1543 2938 in
1573 2896 1695 2938 titulo
1724 2900 1889 2952 reperto
1918 2897 1965 2939 in
1992 2897 2082 2939 vieo

361 2967 542 3020 quodam
563 2966 789 3021 Phryyiae,
822 2967 868 3008 in
890 2969 1010 3008 euius
1022 2967 1241 3021 principio
1262 2966 1366 3008 haee
1392 2965 1536 3020 leyisse
1554 2965 1641 3007 sibi
1656 2965 1770 3007 visus
1791 2968 1884 3007 erat
1903 2965 2085 3008 Sterrett

359 3048 521 3089 papers
551 3037 602 3088 of
626 3035 691 3076 the
720 3035 952 3077 American
980 3035 1121 3077 school
1150 3036 1202 3088 of
1224 3034 1387 3076 Athens
1416 3034 1477 3076 II
1491 3048 1539 3088 p.
1560 3036 1614 3076 66
1642 3047 1683 3075 n.
1704 3036 1785 3076 52:
1821 3034 2081 3091 κληρονόμων

364 3106 586 3160 Φαυστεινη
619 3136 628 3145 .
647 3136 656 3145 .
674 3136 684 3146 .
704 3136 712 3145 .
731 3120 749 3149 ς
780 3105 855 3147 Οὐ.
879 3106 1123 3160 Φαυστεινης
1154 3104 1389 3160 Οὐμμηλιας
1420 3094 1695 3159 Κορνοφωὶιας.
1742 3102 1934 3145 Praedia
1952 3103 2084 3156 fuisse

366 3172 597 3214 Ummidiae
628 3173 674 3213 in
697 3175 826 3225 parte
854 3172 934 3213 illa
963 3172 1178 3226 Phry-aiae
1208 3186 1258 3214 ex
1285 3175 1313 3214 t.
1345 3171 1489 3226 colliyi
1508 3174 1660 3225 potest.
1683 3195 1734 3200 —
1758 3170 1923 3212 Filiam
1951 3171 2084 3224 fuisse

363 3240 561 3282 Ummidii
586 3241 798 3292 Quadrati
816 3244 855 3282 et
876 3241 1047 3282 Anniae
1074 3240 1329 3294 Cornificiae
1348 3240 1599 3290 Faustinae,
1625 3239 1787 3281 sororis
1809 3239 1876 3281 M.
1897 3238 2081 3290 Aurelii,

364 3307 501 3359 ipsum
529 3322 678 3349 nomen
705 3309 811 3350 satis
842 3308 956 3350 clare
982 3308 1157 3350 indicat.
