2242 3672
134 281 324 318 SEXTVS
1001 277 1082 320 241
1737 283 1953 320 SICINIVS

217 415 442 457 immature
485 413 730 468 defunctum
766 414 960 469 planyit,
1007 415 1140 469 fuisse
1183 418 1272 458 tam
1312 415 1488 458 Sextum
1533 430 1661 470 quam
1703 415 1955 459 Musonium

215 483 381 526 videtur
419 482 612 526 indicare
651 483 895 535 Himerius,·
932 484 1042 527 unde
1083 484 1259 527 Seoetum
1299 498 1472 527 uxorem
1514 485 1681 528 (luxisse
1722 500 1743 528 e
1781 485 1955 540 familia

218 551 416 594 Musonii
445 552 622 595 coniecit
646 551 928 596 PVilamou'ite‘
949 553 1036 595 incl.
1060 552 1151 596 lect.
1171 552 1359 609 Gottiny.
1376 557 1487 597 1889
1501 569 1547 609 p.
1564 556 1654 610 23).
1672 579 1724 584 ——
1746 553 1954 598 Diversus

218 621 272 664 ab
294 620 372 663 boc
394 621 561 672 Sextus,
594 621 820 676 empiricus
839 622 914 675 qui
933 621 1089 664 dicitur
1109 622 1282 677 (scilicet
1300 622 1515 679 medicus),
1548 624 1667 666 cuius
1686 627 1832 666 ewtant
1854 623 1954 682 Πυρ-

216 691 396 747 ρωνείων
435 692 731 733 ὑποτυπώσεων
764 689 867 733 libri
896 691 1000 741 III,
1039 692 1138 733 item
1169 692 1266 748 πρὸς
1298 692 1599 749 μαθηματικούς
1629 692 1730 748 (sive
1760 707 1840 747 quo
1867 693 1952 735 alio

215 760 382 802 nomine
420 758 610 813 fuerunt)
652 758 754 801 libri
781 758 831 801 X
856 759 921 801 vel
946 761 1094 814 potius
1122 759 1218 811 XI;
1259 761 1313 814 cf.
1344 761 1399 805 E.
1432 761 1722 816 Pappenheim
1752 761 1802 804 cle
1833 761 1956 806 Sexta·

217 828 410 883 empirici
438 827 643 870 librorum
673 841 847 870 numero
879 831 919 870 et
949 828 1119 880 ordine;
1148 828 1205 873 id.
1233 829 1675 873 Lebensverhaltnisse
1700 830 1771 873 cles
1800 830 1953 874 Sextus

214 897 462 952 Empiricus
491 895 664 952 (Proyr.
687 896 758 939 cles
781 896 1060 939 Kollniscben
1088 897 1404 952 Gymnasiums,
1436 898 1580 942 Berol.
1602 902 1724 942 1874.
1754 900 1893 954 1875).

129 967 212 1010 489
244 966 417 1020 Sextus,
450 966 556 1007 iuris
595 971 748 1008 auctor
776 965 916 1009 Gaius
945 967 1043 1009 inst.
1073 970 1116 1017 2,
1147 969 1257 1018 218;
1300 967 1476 1021 Ulpian.
1504 967 1607 1023 Diy.
1638 972 1710 1019 29,
1741 971 1780 1019 5,
1812 971 1850 1019 1,
1881 972 1950 1011 27.

214 1039 280 1086 30,
300 1038 372 1078 32.
425 1034 736 1089 Intelleyendus
763 1034 929 1078 videtur
959 1038 1036 1077 aut
1056 1035 1154 1079 8666.
1178 1035 1335 1078 Pedius
1356 1037 1507 1091 (supra
1534 1037 1578 1079 P
1594 1036 1706 1092 149),
1739 1039 1827 1080 aut.
1851 1035 1950 1079 Sex.

215 1103 425 1148 Caecilius
444 1103 686 1158 Africanus
708 1104 857 1159 (supra
879 1103 917 1147 Ο
934 1106 1018 1161 15),
1042 1105 1097 1158 cf.
1117 1104 1356 1147 Mommsen
1378 1105 1582 1150 Zeitscbr.
1607 1107 1639 1160 f.
1657 1105 1949 1160 Rechtsyescb.

216 1175 253 1224 7,
281 1175 392 1215 1868
412 1187 461 1228 p.
482 1176 576 1224 479,
610 1176 706 1224 aut,
749 1174 789 1216 si
816 1174 1019 1216 sumimus
1048 1174 1094 1216 in
1122 1173 1261 1216 verbis
1291 1173 1474 1229 Ulpiani
1501 1174 1602 1230 Diq.
1633 1178 1704 1226 30,
1730 1178 1790 1219 32
1818 1176 1952 1218 inesse

213 1256 411 1292 errorem,
445 1241 544 1285 Sex.
576 1241 835 1297 Pomponius
867 1242 933 1298 (P
956 1242 1071 1298 521).

140 1341 199 1347 --
243 1350 252 1360 .
273 1350 282 1360 .
300 1323 463 1359 ,INIVS
497 1323 686 1359 SEXTVS
717 1323 1072 1359 FLORENTINVS
1104 1318 1159 1371 Cf.
1191 1319 1268 1361 sub
1299 1318 1557 1361 Florentino
1587 1319 1737 1374 (Supra
1766 1317 1814 1360 F
1836 1317 1950 1372 300).

128 1387 212 1429 490
243 1386 294 1430 L.
324 1385 576 1429 Sibidienus
609 1385 799 1430 Sabinus
831 1386 1079 1441 (Sabidien-
1090 1401 1177 1441 pro
1200 1387 1410 1430 Sibidien-
1438 1387 1538 1431 olim
1565 1387 1799 1442 edebatur),
1832 1387 1883 1429 L.
1906 1387 1949 1440 f.,

214 1455 331 1498 tribu
353 1454 469 1509 Ouf.‚
499 1455 700 1498 tribunus
721 1454 919 1510 militum,
952 1462 1209 1512 procurator
1229 1457 1480 1512 provinciae
1501 1455 1680 1499 Africae
1707 1459 1734 1501 t.
1756 1455 1951 1498 Attidias

214 1523 413 1568 Umbriae
435 1524 520 1567 XI
531 1527 662 1576 5673;
689 1524 747 1567 acl
767 1525 941 1567 eundem
953 1526 1173 1580 pertinent
1198 1525 1314 1568 tituli
1335 1526 1471 1579 fracti
1489 1525 1729 1581 Tuficenses
1751 1525 1951 1569 Umbriae

211 1593 297 1636 XI
316 1595 440 1637 5689.
470 1596 593 1637 5703.
623 1597 893 1637 5706-5708.
950 1595 1084 1637 Pater
1113 1595 1164 1639 L.
1198 1593 1413 1637 Sibidieni
1445 1594 1636 1638 Scaevae
1664 1594 1749 1637 XI
1769 1596 1891 1637 5707.

125 1663 205 1705 491
241 1662 432 1705 Sicinius
451 1662 736 1718 Aemilianus,
767 1663 902 1706 frater
924 1663 1074 1707 Sicinii
1096 1662 1254 1718 Amici,
1282 1663 1448 1707 scilicet
1477 1670 1658 1720 patruus
1688 1663 1949 1707 Siciniorum

209 1731 411 1774 Pontiani
455 1737 498 1774 et
533 1731 744 1774 Pudentis
786 1732 1089 1788 privignorum
1119 1730 1298 1789 Apuleii
1329 1732 1463 1787 Apul.
1496 1733 1606 1788 apol.
1638 1746 1672 1775 6.
1703 1737 1747 1777 2.
1776 1735 1848 1776 28.
1882 1735 1948 1782 98,

212 1800 346 1843 frater
377 1801 480 1843 item
501 1800 652 1844 Sicinii
675 1800 793 1844 Clari
815 1815 849 1844 6.
876 1804 942 1852 70,
974 1800 1136 1843 Zarath
1168 1801 1378 1844 oriundus
1411 1816 1444 1844 6.
1466 1805 1526 1845 24
1546 1802 1600 1856 cf.
1625 1816 1658 1847 6.
1681 1805 1751 1852 23,
1784 1801 1949 1844 crebris

210 1871 554 1927 propinquorum
585 1870 796 1914 mortibus
827 1871 991 1914 ditatus
1022 1870 1209 1927 ideoque
1240 1870 1416 1914 Charon
1446 1871 1588 1913 dictus
1616 1885 1650 1914 6.
1671 1874 1742 1922 23,
1774 1870 1950 1914 Charon

212 1945 255 1981 et
297 1938 541 1981 Mezentius
582 1939 724 1982 dictus
765 1953 799 1982 6.
830 1942 896 1984 56.
964 1939 1187 1982 Avunculi
1234 1940 1302 1982 sui
1345 1945 1653 1982 testamentum
1697 1945 1745 1982 ut
1790 1938 1948 1980 falsum

209 2008 485 2064 impugnavit
523 2008 641 2064 apud
678 2007 865 2051 Lollium
908 2008 1122 2052 Urbicum
1162 2008 1432 2064 praefectum
1474 2008 1618 2063 urbis,
1666 2007 1742 2050 sed
1786 2007 1948 2049 frustra

209 2090 243 2119 6.
263 2079 308 2120 2.
328 2079 368 2119 3.
419 2077 512 2119 Iam
543 2078 687 2120 senior
718 2091 752 2120 6.
773 2081 812 2119 1.
833 2080 899 2132 36,
932 2078 1068 2119 iratus
1100 2077 1217 2133 quod
1247 2083 1416 2119 mortuo
1448 2076 1583 2119 fratre
1606 2076 1768 2120 Sicinio
1791 2075 1946 2118 Amico

207 2160 321 2187 uxor
361 2147 453 2188 eius
493 2145 682 2202 Apuleio
724 2152 933 2203 nupserat
977 2160 1010 2189 6.
1052 2148 1126 2196 28,
1174 2147 1406 2200 instigatus
1447 2147 1578 2188 etiam
1624 2145 1679 2188 ab
1721 2145 1972 2187 Herennio-

206 2214 363 2256 Rufino
395 2228 429 2257 6.
459 2217 533 2266 74,
576 2214 812 2271 Apuleium
842 2216 1001 2257 artium
1031 2215 1301 2269 magicarum
1331 2215 1557 2257 accusavit
1586 2214 1762 2256 nomine
1793 2213 1944 2256 sicinii

206 2282 417 2325 Pudentis
454 2284 578 2339 pueri
620 2283 737 2340 apud
766 2283 1000 2327 Claudium
1036 2283 1278 2326 Maximum
1311 2282 1618 2340 proconsulem
1648 2296 1682 2325 6.
1714 2286 1757 2325 2.
1787 2284 1859 2325 28.
1890 2285 1942 2324 45

206 2354 247 2394 et
265 2352 447 2406 passim.

118 2419 202 2463 492
235 2419 423 2464 Sicinius
444 2419 637 2479 Amicus,
670 2421 791 2477 prior
819 2421 1001 2462 maritus
1024 2419 1237 2463 Aemiliae
1261 2419 1546 2474 Pudentillae,
1579 2420 1729 2462 uxoris
1750 2418 1939 2476 Apuleii,

202 2495 328 2546 pater
368 2488 631 2532 Siciniorum
674 2489 876 2532 Pontiani
919 2496 961 2532 et
999 2489 1234 2543 Pudentis3
1282 2489 1389 2532 obiit
1433 2490 1665 2545 superstite
1709 2494 1852 2545 patre,
1895 2489 1940 2529 in

127 2600 130 2604 ,
204 2558 328 2601 cuius
359 2564 573 2615 potestate
603 2557 714 2600 filios
745 2557 933 2615 pupillos
964 2557 1141 2614 reliquit
1170 2557 1302 2612 Apul.
1336 2558 1447 2612 apol.
1479 2571 1512 2600 6.
1544 2560 1610 2600 68.

116 2625 201 2670 493
232 2626 421 2671 Sicinius
450 2626 628 2682 Clarus,
669 2627 806 2670 frater
837 2627 1101 2670 Siciniorum
1130 2626 1273 2669 Amici
1303 2626 1434 2682 Apul.
1468 2641 1500 2671 6.
1532 2629 1599 2677 68,
1632 2632 1675 2669 et
1703 2626 1936 2669 Aemiliani

202 2696 257 2741 ib.
287 2710 321 2740 6.
355 2699 430 2748 70,·
471 2711 567 2738 cum
600 2711 663 2751 eo,
695 2696 902 2740 defuncto
934 2696 1088 2739 Amico
1120 2697 1288 2751 marito,
1321 2695 1510 2738 Aemilia
1540 2695 1790 2738 Pudentilla
1816 2697 1937 2738 iussu

200 2765 338 2807 soceri
381 2765 552 2808 tabulas
592 2765 809 2822 nuptiales
849 2765 972 2820 fecit,
1018 2765 1093 2807 sed
1130 2766 1303 2821 nuptias
1335 2764 1485 2819 elusit,
1528 2764 1667 2806 donec
1697 2779 1819 2806 socer
1848 2763 1934 2806 fato

23 2856 54 2897 4„
200 2834 414 2876 concessit
443 2834 500 2876 ib.
528 2847 562 2877 6.
583 2836 662 2886 68,·
692 2834 819 2877 homo
851 2835 1098 2876 rusticanus
1130 2840 1173 2875 et
1203 2833 1450 2889 decrepitus
1482 2847 1616 2875 senex
1645 2833 1703 2875 ib.
1732 2846 1764 2876 6.
1789 2835 1857 2876 70.

19 2895 54 2948 J
110 2901 198 2945 494
228 2908 272 2954 Q.
295 2908 508 2945 SICINIVS
537 2909 729 2945 CLARVS
761 2909 821 2945 ΡΟ
840 2936 850 2945 .
871 2935 881 2945 .
900 2935 910 2945 .
930 2936 940 2945 .
978 2903 1023 2945 Τ.
1049 2903 1297 2952 Thracicus,
1331 2916 1399 2956 ap.
1431 2900 1624 2943 Dumont
1650 2902 1777 2944 inscr.
1810 2900 1859 2943 de
1890 2901 1935 2943 la

143 3012 145 3014 .
202 2970 369 3014 Thrace
395 2985 436 3014 n.
459 2974 568 3014 1100
598 2971 666 3028 (ex
695 2971 861 3015 Deville
891 2971 1119 3014 Annuaire
1150 2970 1199 3013 cle
1241 2970 1285 3012 la
1315 2971 1467 3013 socie'te
1496 2984 1612 3024 pour
1653 2969 1932 3023 l’encourayc-

196 3042 309 3083 ment
348 3039 419 3082 cles
460 3040 602 3083 e'tudes
637 3054 836 3095 yrecques
878 3055 928 3083 en
967 3040 1139 3082 France
1179 3042 1289 3081 1873
1319 3053 1368 3093 p.
1400 3041 1484 3094 97).
1548 3038 1726 3080 Nummi
1760 3038 1932 3080 urbium

202 3107 535 3159 Thracicarum,
579 3109 697 3164 apud
732 3109 928 3152 Mionnet
966 3108 1103 3163 suppl.
1136 3108 1198 3150 II
1227 3110 1332 3157 383,
1365 3110 1487 3149 1076.
1526 3110 1626 3150 391.
1658 3109 1929 3150 1124-1126.

194 3178 288 3227 511,
309 3178 576 3219 1808-1810.
607 3179 699 3228 517,
721 3179 854 3228 184&
882 3176 997 3219 Brit.
1022 3176 1134 3218 Mus.
1158 3179 1239 3218 cat.
1268 3175 1435 3218 Thrace
1447 3189 1495 3229 p.
1513 3177 1608 3225 178,
1630 3178 1695 3217 11.
1726 3177 1825 3226 180,
1846 3179 1930 3228 23,·

198 3244 315 3289 Mus.
336 3243 482 3287 Berol.
506 3245 682 3288 Beschr.
697 3246 731 3288 I
734 3260 784 3300 p.
802 3249 896 3300 200,
916 3249 993 3296 14‚·
1015 3245 1201 3288 alibi.—
1223 3243 1274 3288 K.
1298 3244 1494 3300 [Σ]ικι’νιος
1516 3242 1675 3300 Κλᾶρος
1696 3242 1755 3286 Πο
1769 3277 1802 3287 ..
1818 3277 1827 3286 .
1843 3277 1852 3286 .
1876 3247 1903 3288 t.
1916 3258 1929 3295 ;

195 3313 364 3360 Σικίνιος
394 3313 475 3367 (vel
502 3313 691 3361 Σικίννιος
719 3314 783 3357 vel
813 3315 935 3358 Σικιν,
960 3313 1023 3355 vel
1053 3313 1149 3356 Σικι.
1179 3313 1242 3355 vel
1272 3313 1375 3368 Σικ.)
1408 3311 1568 3370 Κλᾶρος
1594 3313 1757 3355 nummi
1786 3313 1926 3367 (Σικιν.

175 3395 458 3433 Prosopograpffia
475 3397 557 3433 Imp.
577 3398 669 3428 Rom.
705 3398 768 3428 111.
1610 3390 1652 3425 16
