2242 3672
312 267 522 305 TVLLIVS
1170 251 1255 293 340
1311 272 1314 274 *
1905 255 2116 292 TVLLIVS

312 320 1942 339 -—.—----—--——————--—-—-—--———-——

400 399 559 442 Seneca
597 407 708 437 suas.
739 395 774 443 7,
807 394 872 441 13,
905 389 1021 431 Plin.
1053 388 1091 431 h.
1123 382 1163 430 n.
1195 391 1269 438 14,
1304 390 1385 430 147
1424 387 1480 440 ef.
1514 385 1603 429 Dio
1631 389 1706 437 46,
1741 389 1818 438 18,-
1858 386 2117 429 temulentus

398 467 458 508 M.
492 466 711 519 Agrippae
743 459 955 516 scyphum
985 457 1216 513 impegisse
1247 455 1405 498 dicitur
1424 454 1540 498 Plin.
1563 455 1589 500 l.
1612 469 1645 498 0.
1699 454 1834 497 ‘Nihil
1855 470 1911 497 ex
1936 462 2115 512 paterno

401 534 573 587 ingenio
607 531 756 572 habuit
785 533 957 584 praeter
987 524 1291 567 urbanitatem³
1318 523 1480 567 Seneca
1510 523 1536 567 l.
1569 538 1602 566 e.
1628 549 1679 553 —
1699 523 1827 566 Alius
1855 523 1916 567 M.
1947 522 2117 566 Tullius

398 602 561 654 Cicero,
594 599 652 640 M.
676 597 717 652 f.,
751 595 865 638 tribu
885 594 1065 648 Maecia,
1094 607 1225 649 eques
1247 593 1481 643 Romanus,
1503 598 1710 649 patronus
1731 591 1923 634 coloniae
1943 593 2117 635 Paesta-

398 683 562 722 norum,
594 671 767 708 curator
798 662 1082 719 complurium
1112 660 1294 703 aliarum
1327 661 1553 702 civitatum
1581 659 1801 702 Lucaniae
1828 659 1877 702 X
1894 662 1992 703 482.
2022 662 2117 704 483.

313 739 394 780 273
425 735 594 778 Tullius
626 733 875 788 Crispinus,
917 729 1162 786 praefectus
1197 729 1416 785 praetorio
1447 728 1586 770 factus
1615 743 1641 770 a
1670 727 1803 771 Didio
1834 728 2001 771 Iuliano
2033 728 2118 772 suf-

395 805 545 858 fragiis
584 802 955 859 praetorianorum
997 813 1084 840 una
1123 812 1222 840 cum
1252 796 1405 840 Flavio
1445 796 1627 840 Geniale
1655 797 1726 839 vit.
1756 796 1860 840 Did.
1893 798 1978 842 Iul.
2006 801 2046 849 3,
2076 801 2118 842 1.

396 874 585 916 Mittitur
617 877 767 913 contra
799 869 1012 912 Severum
1041 868 1097 910 ib.
1129 870 1167 918 6,
1198 870 1248 919 4,·
1280 870 1316 918 7,
1349 871 1386 911 4.
1419 870 1456 911 6.
1518 866 1743 909 Occiditur
1772 867 1830 908 ib.
1859 869 1900 916 8,
1931 869 1970 908 1.

311 943 394 985 274
426 940 594 983 Tullius
617 939 827 982 Geminus
855 936 988 992 (Tali-
1011 936 1198 978 traditur
1220 950 1306 990 pro
1337 934 1499 990 Tulli-),
1531 951 1570 978 a.
1601 937 1655 978 62
1687 935 1938 977 Fabricium
1959 935 2117 978 Veien-

397 1017 537 1051 tonem
568 1008 787 1050 accusavit
824 1006 922 1048 Tae.
954 1020 993 1049 a.
1025 1008 1089 1060 14,
1120 1006 1186 1048 50.
1237 1004 1383 1046 Iudice
1412 1003 1646 1059 Boryhesio
1683 1017 1777 1058 opp.
1808 1005 1848 1054 5,
1878 1006 1974 1047 222
2007 1003 2118 1047 idem

400 1078 614 1120 Terentius
636 1075 800 1118 Tullius
828 1074 1032 1117 Geminus
1062 1072 1207 1115 consul
1235 1071 1333 1124 suff.
1361 1087 1453 1114 eum
1476 1073 1542 1114 M.
1564 1072 1691 1115 Iunio
1714 1072 1879 1123 Silano,
1911 1073 1965 1127 ef.
1984 1086 2118 1128 supra
2201 1094 2205 1097 -

392 1147 467 1188 sub
505 1145 696 1188 Terentio
731 1143 872 1186 Tullio
900 1142 1090 1186 Gemino.

312 1217 393 1258 275
425 1214 592 1256 Tullius
625 1214 834 1257 Geminus
866 1211 1054 1266 (Τυλλίου
1088 1211 1256 1267 Γεμίνου
1287 1209 1402 1252 anth.
1422 1209 1520 1253 Pal.
1551 1213 1590 1260 9,
1623 1213 1716 1260 707,
1749 1224 1847 1265 app.
1868 1209 1996 1252 Plan.
2018 1212 2117 1260 205,

396 1284 581 1340 Γαιμίνου
615 1281 728 1323 anth.
761 1280 926 1331 Pate,
958 1283 1058 1330 414,
1091 1282 1320 1333 praeterea
1351 1279 1543 1335 Γεμίνου,
1586 1278 1756 1321 Τυλλίου
1788 1279 1970 1336 Σαβήνου
2001 1278 2118 1321 anth.

395 1351 490 1393 Pal.
515 1354 552 1400 9,
574 1353 668 1400 410,
700 1349 773 1392 sed
792 1348 983 1391 Planud.
1006 1348 1217 1405 Γεμίνου);
1249 1348 1339 1389 eius
1372 1348 1683 1402 epigrammata
1703 1346 1818 1390 anth.
1840 1346 1938 1390 Pal.
1960 1350 1999 1398 6,
2021 1350 2116 1390 260.

393 1424 430 1475 7,
456 1423 519 1463 73.
552 1423 590 1470 9,
611 1421 710 1462 288.
742 1421 834 1461 414.
868 1420 960 1460 707.
994 1420 1084 1467 740,
1119 1431 1215 1471 app.
1238 1415 1425 1457 Planud.
1452 1418 1518 1457 30.
1540 1418 1634 1457 103.
1655 1417 1754 1458 205.
1808 1415 2005 1458 Eundem
2034 1428 2119 1458 esse

372 1491 468 1544 ,qui
488 1488 709 1543 praeeedit
729 1490 861 1541 putat
899 1486 946 1530 Ο.
969 1486 1092 1529 Jahn
1120 1499 1224 1529 inus,
1256 1484 1393 1527 Rhen.
1414 1487 1451 1535 9,
1483 1486 1591 1527 1854
1611 1499 1661 1539 p.
1682 1487 1778 1535 626,
1810 1498 1929 1539 quem
1956 1487 2119 1527 secutus

398 1561 457 1599 est
488 1556 731 1610 Nipperdey
762 1555 819 1597 ad
853 1555 950 1597 Tae.

326 1651 381 1656 -
425 1618 707 1668 ΤΕΒΕΝΤΝΞι
740 1629 951 1665 TVLLIVS
986 1629 1224 1664 GEMINVS.

314 1696 396 1737 276
428 1693 597 1736 Tullius
628 1693 795 1734 Iustus:
835 1690 1020 1747 epistula
1050 1691 1152 1746 imp.
1181 1690 1357 1732 Nervae
1387 1689 1439 1731 ad
1473 1704 1593 1744 eum,
1630 1704 1716 1745 qua
1748 1689 1943 1746 epistulis
1972 1690 2121 1732 Domi-

399 1764 503 1804 tiani
537 1761 736 1803 standum
769 1775 860 1801 esse
888 1760 1090 1801 statuitur
1111 1758 1233 1802 Plin.
1259 1758 1317 1800 ad
1341 1759 1458 1801 Trai.
1478 1761 1545 1808 58,
1575 1761 1640 1800 10.
1695 1757 1816 1805 Certe
1844 1758 2121 1812 mayistratus

398 1830 564 1884 aliquis,
588 1828 820 1883 proconsul
840 1831 949 1882 puto
981 1831 1056 1870 aut
1077 1830 1339 1881 procurator
1367 1826 1612 1880 Bithyniae.

315 1900 396 1942 277
430 1899 526 1953 (M.)
549 1898 717 1940 Tullius
738 1898 922 1952 Laurea,
948 1896 1171 1939 Ciceronis
1194 1895 1398 1939 libertus:
1429 1910 1603 1937 carmen
1626 1896 1717 1937 eius
1738 1896 1782 1937 in
1803 1909 1938 1951 aquas
1959 1893 2120 1937 calidas

399 1983 509 2024 quae
550 1981 634 2008 non
675 1965 859 2008 multum
900 1971 998 2022 post
1037 1965 1202 2007 obitum
1240 1963 1463 2007 Ciceronis
1504 1970 1741 2020 eruperunt
1783 1965 1826 2005 in
1871 1962 1977 2006 villa
2019 1962 2120 2005 olim

400 2035 631 2090 Ciceronis,
665 2036 751 2076 iam
782 2034 958 2076 Antistii
988 2034 1160 2076 Veteris
1192 2033 1390 2089 (consulis
1421 2047 1460 2076 a.
1489 2047 1529 2077 u.
1553 2047 1585 2074 e.
1607 2036 1690 2076 724
1720 2031 1975 2087 ut'videtur)
2002 2030 2119 2074 Plin.

400 2104 439 2146 h.
460 2118 502 2145 n.
524 2107 590 2154 31,
615 2107 642 2146 7
658 2117 740 2157 seq.
773 2104 1099 2159 Epigrammata
1120 2103 1212 2144 eius
1234 2101 1404 2143 Graeca
1425 2101 1541 2143 anth.
1564 2101 1661 2145 Pal.
1686 2104 1722 2151 7,
1745 2104 1810 2144 17.
1833 2104 1930 2144 294.
1956 2103 2028 2151 12,
2049 2103 2120 2143 24.

315 2172 397 2214 278
429 2171 597 2214 Tullius
637 2171 937 2226 Marcellinus,
981 2170 1235 2213 adulescens
1275 2170 1445 2227 Lucilio
1487 2176 1530 2211 et
1561 2169 1751 2212 Senecae
1781 2176 1929 2224 notus,
1970 2168 2122 2210 morbo

401 2247 622 2297 correptus
654 2240 798 2282 inedia
827 2241 963 2282 vitam
990 2240 1135 2281 finivit
1165 2238 1327 2282 Seneca
1357 2253 1418 2292 ep.
1449 2241 1515 2289 77,
1546 2240 1674 2280 5—10.

315 2309 398 2351 279
429 2316 472 2359 Q.
505 2315 716 2351 TVLLIVS
748 2315 979 2350 MAXIMVS
1019 2307 1189 2362 legatus
1226 2307 1339 2361 Aug.
1381 2306 1564 2361 legionis
1596 2307 1683 2349 VII
1714 2306 1925 2349 Geminae
1963 2304 2121 2348 Felicis

401 2380 427 2419 t.
461 2377 731 2431 Leyionensis
760 2376 822 2418 II
843 2379 955 2418 2660
996 2374 1107 2428 (euni
1147 2376 1334 2417 carmine
1376 2374 1605 2429 adscripto,
1637 2394 1693 2408 z
1721 2368 1953 2416 Buecheler
1991 2386 2120 2417 earm.

401 2446 530 2500 epiyr.
560 2460 601 2488 n.
633 2447 768 2495 1526;
807 2444 860 2498 ef.
892 2444 1094 2486 Huebner
1131 2458 1192 2486 ex.
1224 2444 1422 2497 scriptur.
1455 2443 1585 2501 epiyr.
1615 2456 1657 2484 n.
1679 2445 1814 2494 1138).
1873 2441 1944 2483 Ex
1973 2441 2124 2484 Africa
2209 2480 2242 2500 μ

403 2513 612 2556 oriundus
645 2512 851 2567 (‘Tullius
874 2526 897 2552 e
925 2511 1106 2567 Libya')
1136 2525 1318 2553 earnien.
1382 2510 1482 2552 Non
1514 2510 1722 2552 diversum
1750 2513 1859 2564 puto
1890 2510 1943 2552 ab
1975 2523 2021 2552 eo
2050 2510 2125 2564 qui

400 2583 608 2635 sequitur,
665 2595 918 2635 quamquain
964 2580 1167 2622 Huebner
1210 2580 1468 2634 seriffiuram
1514 2579 1629 2621 tituli
1675 2578 1947 2632 Leyionensis
1991 2578 2126 2620 aetati

408 2650 589 2692 Traiani
615 2650 678 2691 vel
708 2649 933 2692 Hadriani
962 2649 1182 2693 adtribuit.

319 2720 401 2761 280
433 2726 475 2769 Q.
507 2725 716 2760 TVLLIVS
746 2724 993 2760 MAXIMVS.
1039 2717 1088 2760 K.
1112 2717 1231 2761 Τουλ.
1254 2717 1433 2774 Μάξιμος
1451 2729 1644 2758 numnius
1672 2715 1965 2758 Pautaliensis
1992 2713 2127 2757 musei
2194 2705 2240 2765 Ῐζῗῖ

404 2786 733 2829 Vindobonensis
771 2801 890 2841 quem
921 2790 1022 2841 'post
1058 2786 1308 2829 Eekheliurn
1344 2788 1387 2836 2,
1418 2787 1472 2826 38
1503 2784 1564 2828 ed.
1597 2783 1704 2826 Pieli
1731 2798 1845 2826 nuni.
1878 2782 2127 2837 Zeitschrift
2179 2782 2191 2785 ”

413 2855 535 2898 VVien
564 2858 636 2905 23,
667 2858 775 2897 1891
806 2870 853 2909 p.
886 2859 950 2906 63,
993 2855 1111 2898 Τουλ.
1140 2854 1204 2897 vel
1234 2853 1426 2900 Τούλλιος
1463 2852 1642 2908 Μάξιμος
1674 2852 1836 2895 nummi
1869 2851 2024 2906 reliqui
2061 2850 2126 2906 (in

404 2923 547 2965 multis
585 2937 635 2964 ex
671 2923 736 2965 his
777 2937 868 2965 eum
898 2923 1133 2978 praecedat
1162 2925 1299 2979 ἡγεμ.,
1339 2922 1478 2964 minus
1514 2924 1624 2964 reete
1662 2924 1711 2963 ut
1748 2921 1836 2962 iam
1876 2921 2040 2962 constat
2062 2917 2124 2961 M.
2183 2910 2234 2968 Ῥῗξ.

315 2997 323 3003 ’
406 2989 550 3033 littera
594 3005 621 3032 a
664 2991 880 3034 nonnullis
915 3006 1001 3045 pro
1035 2991 1310 3045 praenomine
1351 2990 1542 3032 Maximi
1581 2989 1731 3031 habita
1770 2987 1859 3042 est).
1932 2987 2124 3042 Legatus

406 3073 481 3114 pro
512 3074 575 3114 pr.
608 3059 819 3100 Thraciae
850 3059 930 3101 sub
965 3060 1022 3101 M.
1052 3059 1231 3101 Aurelio
1263 3066 1305 3101 et
1324 3059 1440 3101 Vero
1473 3057 1735 3112 (161—168)
1766 3056 1928 3098 nummi
1954 3055 2126 3098 urbium

412 3127 729 3177 Thraeiearurn,
770 3128 860 3168 cusi
888 3127 1209 3180 Hadrianopoli
1244 3126 1459 3179 (Mionnet
1488 3125 1624 3179 suppl.
1655 3125 1717 3167 II
1737 3127 1831 3174 304,
1863 3126 1978 3180 620),
2008 3122 2126 3166 Pau—

408 3194 537 3235 tanae
568 3194 783 3246 (Manna
809 3195 944 3249 suppl.
975 3196 1035 3237 H
1056 3199 1149 3246 ses,
1182 3198 1275 3239 977.
1306 3197 1523 3238 979-982.
1553 3196 1651 3248 372,
1684 3194 1802 3235 1005.
1834 3194 1964 3243 1006,
2007 3191 2124 3235 Mus.
2156 3195 2158 3199 ⁴

407 3261 549 3305 Berol.
590 3262 762 3305 Besehr.
801 3263 873 3304 der
914 3263 1101 3305 Mamm
1131 3264 1164 3306 I
1189 3278 1236 3318 10.
1267 3265 1360 3318 198,
1394 3267 1430 3313 1,
1465 3261 1607 3316 alibi),
1648 3260 1868 3316 Auqustae
1912 3259 2127 3304 Traianae

409 3329 619 3382 (Mionnet
649 3330 682 3371 I
696 3345 744 3384 1³·
766 3334 849 3373 423
877 3344 918 3374 n.
940 3334 1039 3381 375,
1079 3332 1214 3385 suppl.
1247 3333 1308 3373 II
1329 3333 1578 3381 506,,1778.
1610 3332 1732 3380 1779,
1771 3328 1888 3383 Mus
1918 3322 2062 3371 Berol.
2093 3325 2128 3368 I
2201 3323 2233 3380 ἐξ
