2242 3672
165 254 419 292 VALERIVS
1040 247 1124 291 365
1734 254 1987 292 VALERIVS

251 386 445 443 Appiau.
475 387 512 430 b.
545 400 579 429 e.
600 390 640 438 4,
660 386 748 441 38).
810 385 863 429 A.
895 386 975 429 711
1010 386 1278 442 proscriptus
1307 385 1501 441 Appiau.
1531 386 1569 429 b.
1601 399 1636 429 c.
1665 389 1706 437 4,
1737 389 1805 430 38.
1833 389 1872 439 5,
1894 391 1989 440 113,

251 455 341 500 Dio
370 459 440 507 49,
471 459 537 507 16,
571 455 627 498 ab
658 454 850 498 Antonio
880 454 970 498 Dio
999 458 1066 506 47,
1099 458 1166 498 11.
1217 454 1289 497 Ad
1319 455 1507 497 Brutum
1537 454 1734 510 confugit
1764 455 1881 511 App.
1904 457 1928 499 l.
1955 471 1989 500 e.

250 529 289 577 4,
320 527 388 575 38,
420 523 477 567 ad
508 524 693 567 Brutum
725 531 767 567 et
794 523 994 567 Cassium
1024 524 1081 567 ib.
1103 526 1142 574 5,
1164 527 1246 566 113
1275 523 1366 580 (sed
1393 525 1482 566 iam
1512 527 1610 567 aute
1630 526 1991 580 proscriptionem

252 593 508 637 Messallam
529 607 572 636 se
593 593 817 636 coutulisse
834 593 892 635 acl
905 592 1093 635 Brutum
1110 593 1261 648 legitur
1278 607 1346 648 ap.
1366 592 1450 637 Cio.
1468 608 1531 648 ep.
1548 593 1607 636 acl
1618 592 1748 636 Brut.
1764 596 1803 645 1,
1821 597 1892 638 12.
1908 598 1990 647 15),

252 677 395 719 neque
416 662 472 704 ab
492 663 544 705 iis
566 661 767 704 discessit
790 662 990 717 quamvis
1012 676 1115 703 mox
1136 677 1159 703 e
1181 677 1361 705 numero
1392 654 1733 719 proscriptorum
1766 671 1991 720 exemptus

249 732 307 774 ib.
322 735 362 782 4,
373 733 442 774 38.
474 730 624 774 Cassio
646 731 838 772 maxime
858 730 1057 772 adhaesit
1068 730 1156 773 Dio
1169 734 1236 781 47,
1249 734 1330 782 24;
1352 731 1406 785 ef.
1423 730 1539 774 Plut.
1551 730 1677 773 Brut.
1690 734 1768 783 40;
1791 731 1991 776 Cassium

250 800 558 856 imperatorem
600 814 727 842 suum
767 799 1048 855 praedicabat
1084 800 1181 844 Tae.
1215 814 1255 845 a.
1286 803 1326 851 4,
1357 803 1423 843 34.
1475 800 1638 843 Brutus
1669 807 1712 843 et
1740 800 1918 844 Cassius
1949 804 1989 845 ei

251 868 433 911 fratrem
463 867 675 923 (Gellium
706 867 996 922 Publicolam)
1029 868 1389 911 condonaverunt
1418 869 1513 911 Liv.
1537 883 1633 924 per.
1662 872 1776 921 122,·
1816 872 1870 925 ef.
1901 871 1991 914 Dio

248 940 316 988 47,
347 941 418 981 24.
480 938 534 980 In
569 937 723 979 castris
759 937 886 979 Bruti
928 936 1156 994 Cassiique
1195 939 1421 994 proximus
1462 953 1488 980 a
1528 938 1711 981 ducibus
1743 939 1844 984 Vell.
1871 943 1914 991 2,
1936 944 1990 983 71

250 1007 306 1061 of.
328 1005 447 1050 Plut.
468 1005 596 1048 Brut.
617 1008 684 1048 45.
732 1005 889 1060 Pugna
909 1005 1180 1063 Philippensi
1202 1005 1405 1048 dextrum
1436 1021 1573 1048 cornu
1603 1022 1702 1049 cum
1723 1007 1991 1052 validissima

247 1075 470 1130 legionum
511 1089 724 1130 occupare
766 1075 910 1117 iussus
939 1073 1057 1119 Plut.
1088 1074 1217 1118 Brut.
1248 1078 1316 1126 40,
1358 1075 1495 1131 pulsis
1535 1075 1730 1118 hostibus
1772 1093 1860 1120 una
1890 1093 1991 1121 cum

249 1145 386 1187 Bruto
429 1150 572 1186 castra
603 1143 803 1186 Caesaris
842 1144 957 1199 cepit
993 1144 1050 1186 ib.
1082 1147 1149 1185 41.
1180 1147 1247 1186 47.
1306 1143 1538 1186 Defunctis
1580 1144 1730 1188 Cassio
1772 1152 1816 1188 et
1850 1147 1988 1190 Bruto

252 1228 351 1256 cum
393 1219 537 1255 essent
577 1213 654 1269 qui
693 1212 849 1254 ducem
892 1227 991 1254 eum
1021 1219 1272 1268 poscerent,
1313 1212 1466 1254 maluit
1497 1215 1682 1255 transire
1715 1214 1770 1256 ad
1803 1216 1990 1258 victores

253 1281 354 1326 Vell.
375 1284 419 1332 2,
445 1285 510 1332 71,
542 1281 736 1336 Appiau.
770 1282 808 1324 b.
831 1295 864 1323 e.
895 1285 935 1332 4,
966 1283 1034 1323 38.
1066 1284 1160 1324 136.
1190 1283 1228 1332 5,
1252 1284 1347 1332 113,
1378 1281 1493 1323 Plut.
1514 1281 1641 1325 Brut.
1661 1285 1730 1326 53.
1781 1284 1861 1326 Est
1890 1299 1991 1327 cum

248 1351 441 1395 Antonio
462 1350 654 1406 Appiau.
679 1351 716 1394 b.
749 1364 782 1394 e.
813 1354 853 1401 4,
883 1352 951 1401 38,
985 1350 1124 1392 donec
1152 1350 1411 1407 Cleopatrae
1441 1357 1665 1407 pertaesus
1696 1352 1902 1395 transiret
1931 1353 1987 1396 ad

248 1419 478 1463 Caesarem
508 1421 566 1463 ib.
594 1420 650 1475 ef.
682 1419 803 1462 Pliri.
835 1419 876 1461 h.
907 1433 950 1462 u.
980 1422 1045 1470 33,
1077 1421 1146 1462 50.
1198 1418 1361 1462 Caesar
1391 1434 1523 1476 opera
1553 1421 1647 1462 eius
1680 1422 1814 1463 utitur
1843 1437 1881 1464 a.
1905 1422 1987 1465 718

249 1489 362 1532 bello
404 1489 620 1533 Siciliensi
659 1494 811 1531 contra
852 1488 953 1532 Sex.
994 1489 1251 1544 Pompeium
1287 1488 1402 1543 App.
1435 1489 1472 1531 b.
1505 1502 1538 1533 e.
1568 1491 1608 1539 5,
1639 1493 1737 1534 102.
1769 1493 1863 1534 103.
1894 1495 1987 1535 105.

250 1561 347 1602 109.
377 1562 472 1603 110.
504 1562 602 1602 112.
641 1561 734 1602 113.
804 1558 925 1600 Inter
965 1571 1155 1612 augures
1196 1572 1329 1614 supra
1368 1572 1596 1599 numerum
1637 1565 1862 1614 cooptatus
1901 1560 1990 1603 Dio

250 1631 316 1679 49,
348 1631 414 1672 16.
476 1626 698 1683 (Fortasse
737 1625 863 1668 huius
905 1625 1082 1668 libertus
1121 1625 1181 1668 M.
1220 1624 1424 1668 Valerius
1464 1625 1691 1668 Messallae
1722 1626 1748 1669 l.
1780 1627 1987 1684 Philarg.,

250 1698 354 1740 viat.
388 1710 542 1752 augur.
575 1695 746 1738 Notizie
776 1697 890 1737 1887
907 1710 957 1750 p.
980 1698 1066 1738 240
1098 1715 1154 1730 Ξ
1184 1694 1301 1737 Bull.
1335 1708 1437 1737 eom.
1469 1698 1584 1737 1887
1602 1709 1650 1749 p.
1670 1698 1759 1738 257
1781 1710 1822 1739 u.
1850 1697 1987 1751 1477).

246 1766 464 1809 Incertum
495 1779 551 1807 au
583 1765 712 1807 etiam
742 1764 882 1818 frater
911 1763 1104 1814 Arvalis‚
1137 1764 1296 1806 scilieet
1327 1778 1384 1806 ari
1413 1763 1481 1805 hie
1513 1763 1749 1819 [M]essalla
1770 1764 1989 1808 Corvinus

244 1837 500 1877 memoratus
539 1833 586 1875 iu
626 1833 866 1888 fraymeuto
906 1835 1099 1875 aetorum
1128 1832 1242 1887 Eph.
1276 1847 1340 1887 ep.
1372 1835 1401 1874 8
1431 1847 1478 1887 p.
1509 1835 1590 1875 316
1619 1847 1655 1877 v.
1679 1836 1756 1884 11,
1793 1835 1905 1888 quod
1934 1835 1992 1877 acl

247 1917 405 1946 aurium
449 1906 528 1945 734
572 1905 763 1956 spectare
807 1902 985 1944 eouieeit
1029 1901 1152 1945 Hula
1202 1901 1444 1958 (Hemenus
1495 1902 1755 1956 cogitaverat
1799 1903 1848 1945 de
1902 1904 1990 1946 alio

248 1972 462 2015 Messalla
491 1975 531 2015 et
561 1971 610 2014 de
641 1975 825 2026 tempore
854 1971 988 2013 multo
1010 1971 1271 2027 posteriore,
1305 1970 1359 2025 ef.
1390 1970 1503 2025 Eph.
1537 1970 1562 2015 l.
1596 1985 1629 2014 e.
1654 1986 1702 2026 p.
1729 1971 1842 2026 319).
1904 1974 1989 2015 Res

247 2042 304 2084 ab
325 2056 375 2084 eo
397 2041 569 2084 fortiter
589 2047 738 2096 gestae
761 2047 914 2083 contra
934 2040 1125 2097 Iapudas
1147 2047 1190 2082 et
1211 2041 1459 2083 Pannonios
1478 2038 1674 2092 (Tibull.)
1691 2045 1730 2091 4,
1748 2045 1786 2092 1,
1803 2044 1888 2084 108
1906 2055 1988 2096 seq.

249 2111 431 2167 (videtur
471 2123 604 2153 eomes
644 2110 777 2163 fuisse
812 2109 1015 2152 Caesaris
1045 2109 1307 2164 expeditione
1337 2109 1525 2164 Illyrica
1555 2124 1596 2151 a.
1630 2112 1738 2166 719).
1796 2110 1989 2152 Salassos

248 2181 356 2222 vicit
384 2179 576 2234 Appiari.
606 2179 640 2221 I
643 2178 738 2233 llyr.
769 2182 836 2230 17,
868 2177 958 2221 Dio
987 2182 1056 2229 49,
1087 2181 1144 2221 38
1174 2179 1228 2233 ef.
1262 2178 1423 2222 Strabo
1452 2182 1480 2220 4
1505 2193 1554 2232 p.
1584 2181 1682 2228 205,
1714 2193 1753 2221 a.
1787 2179 1870 2221 720
1899 2178 1988 2221 Dio

249 2248 295 2304 (a
324 2247 537 2291 Messalla
558 2250 713 2302 postea
745 2247 920 2298 demum,
951 2261 1044 2290 eum
1082 2247 1276 2291 Galliam
1305 2250 1479 2302 reyeret‚
1514 2246 1715 2290 Salassos
1743 2248 1874 2290 victos
1903 2261 1989 2290 esse

246 2317 421 2360 coniecit
448 2316 615 2360 Gauter
635 2316 703 2359 die
723 2316 1217 2371 Proviuzalverwaltuuy
1239 2316 1314 2359 der
1338 2316 1582 2359 Triumviru
1600 2315 1721 2371 [diss.
1739 2316 1987 2371 Strasbury.

246 2386 383 2442 1892]
419 2401 467 2441 p.
505 2389 571 2429 69.
615 2389 690 2437 70;
733 2389 773 2428 et
814 2399 908 2428 vere
952 2386 1061 2428 vieto
1107 2385 1272 2428 demum
1310 2385 1501 2428 Antonio
1542 2385 1796 2427 Messallam
1841 2388 1989 2428 eontra

246 2455 447 2499 Salassos
484 2455 660 2497 missum
700 2468 786 2497 esse
824 2454 991 2497 videtur
1031 2455 1227 2497 indicare
1266 2455 1498 2510 Appiauus
1537 2454 1563 2496 l.
1597 2457 1661 2502 a).
1719 2454 1848 2497 Circa
1884 2455 1988 2496 haee

247 2527 459 2579 tempora,
511 2524 696 2578 fortasse
748 2538 787 2568 a.
829 2527 915 2567 721
954 2524 1023 2567 vel.
1057 2527 1169 2575 722,
1220 2525 1440 2579 scripsisse
1477 2523 1699 2578 putandus
1739 2527 1799 2565 est
1840 2530 1990 2566 contra

244 2592 426 2635 Antonii
455 2592 623 2635 litteras
661 2591 892 2636 Charisius
921 2592 993 2635 lib.
1025 2593 1059 2635 I
1082 2608 1131 2648 p.
1162 2596 1261 2645 129,
1295 2597 1320 2635 7
1360 2593 1422 2637 ed.
1456 2592 1561 2635 Keil
1601 2592 1673 2647 (ef.
1705 2591 1793 2634 Dio
1822 2593 1888 2642 50,
1924 2594 1987 2648 2),

250 2663 470 2716 scripsisse
510 2662 575 2704 vel
615 2662 746 2717 eyisse
777 2661 831 2704 de
861 2661 1044 2704 Antonii
1075 2663 1228 2705 statuis
1261 2663 1316 2706 ib.
1339 2677 1388 2716 p.
1413 2665 1505 2712 104,
1537 2664 1615 2713 18,·
1654 2662 1754 2703 item
1793 2660 1988 2713 fortasse,

248 2730 525 2785 similiterque
565 2734 717 2773 eontra
755 2730 1013 2782 Antonium,
1059 2731 1130 2773 ‘de
1170 2731 1450 2786 vectigalium
1491 2730 1623 2773 Asiae
1663 2730 1985 2772 constitutione‘

249 2800 308 2843 ib.
331 2814 379 2854 p.
401 2803 494 2851 146,
518 2803 574 2842 34
605 2800 672 2855 (ex
701 2799 835 2842 simili
863 2801 1022 2855 scripto
1043 2804 1185 2855 potest
1213 2800 1406 2843 hausisse
1437 2799 1554 2844 Pliu.
1586 2799 1626 2842 h.
1653 2813 1696 2842 u.
1726 2801 1792 2848 33,
1819 2800 1904 2853 50).
1933 2820 1991 2826 -—

250 2867 413 2912 Consul
445 2868 537 2912 ord.
569 2884 607 2913 a.
632 2869 716 2912 723
746 2883 845 2911 cum
869 2868 1056 2913 Caesare
1087 2870 1157 2912 III
1186 2870 1294 2924 fasti
1323 2869 1377 2923 ef.
1416 2869 1514 2912 Tae.
1545 2882 1585 2910 a.
1617 2870 1682 2917 13,
1716 2870 1783 2917 34,
1817 2872 1988 2908 creatus

250 2938 295 2980 in
335 2937 477 2980 locum
518 2937 701 2980 Antonii
742 2938 816 2994 qui
858 2937 994 2980 hostis
1030 2938 1274 2981 declaratus
1316 2945 1410 2980 erat
1439 2937 1554 2992 App.
1588 2937 1625 2978 b.
1659 2949 1692 2977 6.
1723 2939 1761 2986 4,
1793 2937 1860 2985 38,
1900 2933 1989 2979 Dio

248 3009 314 3057 47,
351 3011 414 3051 11.
459 3008 525 3058 50,
561 3010 630 3049 10.
671 3031 726 3038 -
778 3006 967 3049 Domum
1017 3007 1199 3050 Antonii
1249 3006 1494 3049 Palatinam
1546 3005 1704 3060 accipit
1755 3018 1841 3045 una
1891 3017 1988 3044 cum

249 3075 309 3117 M.
341 3075 540 3132 Agrippa
568 3075 658 3118 Dio
684 3079 751 3127 53,
787 3079 860 3119 27.
924 3077 1062 3119 ‘Inter
1106 3076 1347 3119 Antonium
1394 3082 1436 3117 et
1479 3073 1730 3128 Augustum
1775 3070 1987 3113 bellorum

250 3146 454 3200 praemiis
482 3144 685 3188 refertus²
716 3146 815 3188 Tac.
840 3160 879 3190 a.
903 3135 968 3196 11,
994 3149 1031 3188 7.
1052 3170 1111 3177 —
1136 3145 1269 3201 Apud
1289 3144 1468 3187 Actium
1499 3142 1625 3184 classi
1658 3141 1789 3196 (parti
1820 3138 1987 3193 classis)

252 3212 540 3256 Caesarianae
571 3220 744 3270 praeest
762 3214 877 3269 App.
911 3215 948 3259 b.
977 3229 1010 3259 e.
1031 3218 1070 3265 4,
1092 3217 1171 3265 38;
1203 3214 1258 3267 ef.
1287 3212 1404 3255 Plut.
1436 3211 1563 3253 Brut.
1586 3212 1652 3253 53.
1713 3207 1988 3251 Gladiatores

252 3281 482 3339 quosdam,
530 3283 605 3339 qui
647 3282 838 3325 Antonio
876 3283 1042 3325 auxilio
1083 3288 1295 3324 venerant
1330 3280 1576 3337 quibusque
1617 3278 1773 3334 Syriae
1812 3291 1987 3334 praeses

251 3352 506 3407 permiserat
545 3351 603 3406 (a.
647 3351 748 3407 724)
789 3358 837 3393 ut
876 3366 1012 3408 prope
1052 3350 1332 3393 Antiochiam
1370 3348 1492 3390 sedes
1534 3347 1738 3401 figerent,
1780 3345 1900 3388 falsis
1940 3352 1989 3388 ut
