2242 3672
185 262 446 299 SEPTIMIVS
1044 253 1127 295 204
1727 257 1992 294 SEPTIMIVS

266 397 306 436 et
333 393 579 435 Antoninus
620 391 754 433 dictus
795 393 870 440 est,
902 390 1031 431 verba
1073 388 1215 431 lacera
1245 388 1410 442 papyri
1450 388 1669 431 cuiusdam
1707 388 1994 444 Aeyyptiacae

270 462 486 517 pertinere
517 460 690 503 coniecit
719 458 907 501 Wilcken
931 457 1079 499 Herm.
1101 460 1160 500 20
1182 471 1230 511 p.
1252 458 1344 500 455.
1365 481 1423 486 ——
1442 456 1502 501 M.
1523 455 1727 500 Aurelius
1747 456 1995 500 Antoninus

272 529 432 573 Caesar
473 527 605 577 tituli,
646 527 691 568 in
730 526 795 567 his
830 525 878 567 X
903 528 1010 567 3341
1051 525 1157 567 anni
1185 527 1265 567 196
1275 538 1288 576 ,·
1325 524 1562 580 ⁴qratulatio
1602 524 1911 568 Aezanitarum
1948 525 1995 568 in

272 597 477 652 Phryyia,
519 610 611 638 cum
646 595 840 637 nuntium
871 594 1148 648 accepissent,
1189 594 1459 648 imperatoris
1490 593 1636 638 Severi
1663 593 1800 649 filium
1829 593 1995 651 Μάρκον

271 664 465 722 Αὐρήλιον
496 662 743 707 Ἀντωνεῖνον
776 662 984 719 ἐπιβαίνειν
1021 663 1160 719 ἀγαθῇ
1199 663 1302 719 τύχῃ
1336 666 1415 706 τῶν
1456 667 1525 720 τῆς
1565 664 1693 720 ἀρχῆς
1731 662 1903 707 ἐλπίδων
1933 663 1998 706 καὶ

271 735 462 789 τετάχθαι
499 730 635 788 μ[ετὰ]
671 735 740 773 τοῦ
774 730 937 787 πατρός.
973 734 1013 773 et
1045 744 1292 785 responsum
1327 730 1490 782 Severi,
1530 731 1762 774 tribunicia
1789 732 1999 786 potestate

273 802 441 844 tertium
462 801 506 856 (i.
529 815 561 842 e.
589 803 686 842 ante
706 800 833 855 finem
854 799 958 842 anni
977 798 1087 854 195),
1120 814 1190 855 ap.
1211 799 1679 855 Lebas-Waddinyton
1699 802 1782 843 874
1812 800 1905 856 (ubi
1923 801 2000 842 aut

271 884 390 912 error
433 869 673 911 commissus
715 869 761 910 in
799 882 973 910 numero
1018 868 1272 910 tribuniciae
1303 868 1529 922 potestatis
1573 868 1720 912 Severi
1764 894 1817 899 —
1858 870 1897 911 et
1933 868 2000 910 ita

268 938 431 980 videtur
451 951 547 987 esse,
580 951 672 979 cum
700 937 827 979 etiam
854 937 1155 991 imperatoriae
1177 928 1498 979 acclamationis
1525 950 1724 979 numerus
1754 936 1812 980 ad
1841 950 2000 980 annum

273 1010 355 1048 196
395 1006 522 1048 ducat
559 1030 616 1035 —
653 1008 728 1047 aut
766 1004 1034 1047 statuendum
1073 1006 1161 1047 iam
1195 1008 1293 1048 ante
1330 1006 1456 1060 finem
1496 1006 1602 1048 anni
1629 1008 1710 1048 195
1739 1005 2001 1049 Bassianum

271 1074 533 1116 Antoninum
561 1073 819 1128 appellatum
847 1073 960 1116 etad
982 1087 1097 1128 spem
1122 1074 1292 1128 imperii
1322 1074 1537 1116 admotum
1552 1074 1667 1128 esse).
1684 1099 1740 1104 --
1760 1075 2002 1132 Imperator

274 1143 511 1184 destinatus
539 1142 662 1185 VIII
674 1144 782 1184 5699
804 1143 860 1195 (a.
880 1142 994 1195 197).
1020 1134 1130 1185 5700
1153 1143 1209 1197 (a.
1229 1143 1341 1195 197).
1366 1145 1487 1185 6048.
1511 1146 1632 1187 6994.
1656 1146 1781 1186 7062.
1813 1142 1938 1186 VIII
1951 1141 1998 1186 S.

271 1214 420 1255 17870.
461 1214 612 1254 18256.
653 1211 733 1253 ΙΧ
759 1213 882 1253 4880.
923 1211 971 1253 Χ
996 1215 1128 1262 5174,·
1162 1212 1328 1263 κανηφηὶ
1363 1226 1431 1266 ap.
1462 1211 1625 1254 Eckhel
1654 1215 1691 1262 7,
1723 1215 1822 1262 200,
1861 1209 2002 1254 Cohen

275 1280 336 1322 ed.
358 1283 389 1323 2
409 1280 442 1322 I
447 1279 489 1322 V
492 1295 540 1335 p.
566 1283 641 1322 147
660 1294 701 1323 n.
718 1282 783 1322 53.
804 1283 870 1330 54,
894 1280 1129 1335 imperator
1150 1279 1402 1335 designatus
1435 1280 1559 1323 VIII
1572 1280 1618 1325 S.
1640 1283 1787 1324 14394.
1820 1278 2002 1335 (Caesar

274 1348 512 1390 destinatus
545 1348 613 1390 VI
634 1350 746 1390 1984
772 1348 828 1402 (a.
855 1348 968 1403 197),
1011 1348 1107 1391 VII
1127 1352 1225 1400 210,
1259 1363 1401 1392 errore
1428 1348 1553 1392 credo
1583 1349 1900 1404 descriptorum,
1929 1347 2005 1402 qui

274 1418 502 1459 omiserunt
530 1417 667 1473 imp.).

360 1484 480 1527 Bello
512 1485 715 1527 Parthico
756 1483 813 1536 (a.
846 1487 945 1542 198)
985 1486 1201 1542 particeps
1243 1487 1410 1543 imperii
1451 1486 1592 1528 dictus
1633 1486 1706 1528 vit.
1739 1485 1834 1529 Sev.
1864 1487 1930 1536 16,
1959 1486 2001 1536 3,

274 1554 344 1596 vit.
386 1553 479 1604 Get,
510 1556 548 1604 5,
578 1556 617 1604 3,
659 1568 685 1595 a
722 1552 931 1596 militibus
971 1554 1042 1596 vit.
1086 1554 1179 1598 Sev.
1220 1554 1246 1597 l.
1289 1568 1322 1598 c.
1381 1555 1489 1611 Imp.
1531 1554 1654 1598 Caes,
1694 1553 1755 1596 M.
1796 1551 2003 1596 Aurelius

276 1622 521 1664 Antoninus
561 1621 785 1676 Augustus
827 1621 943 1664 tituli
981 1622 1098 1678 (post
1136 1626 1310 1665 mortem
1339 1624 1488 1678 patris
1525 1623 1716 1666 Severus
1755 1621 2004 1665 Antoninus

274 1690 338 1732 vel
376 1690 435 1734 M.
479 1689 684 1732 Aurelius
726 1690 915 1732 Severus
956 1689 1202 1732 Antoninus
1248 1690 1363 1733 tituli
1403 1691 1596 1734 urbanus
1632 1705 1743 1734 unus
1781 1690 1850 1734 VI
1881 1691 2003 1741 1063,

276 1758 458 1800 Italicus
468 1758 548 1801 IX
559 1761 680 1809 3608,
694 1758 983 1813 provinciales
998 1759 1132 1810 multi,
1145 1760 1417 1814 potissimum
1427 1759 1644 1815 Africani,
1665 1759 1739 1802 sed
1754 1763 1792 1804 et
1803 1757 2008 1815 Aeyyptii

278 1826 398 1870 GIG.
420 1830 530 1870 4989
561 1830 649 1878 cet„
681 1826 853 1869 Boeotii
878 1827 1015 1870 Inscr.
1046 1827 1123 1872 Gr.
1154 1831 1255 1882 sept.
1288 1829 1322 1871 I
1343 1831 1472 1871 2239.
1503 1831 1634 1880 2250,
1664 1828 1855 1871 Asiatici
1878 1826 2002 1871 GIG.

275 1898 395 1938 3484.
426 1898 546 1946 3485,
583 1896 682 1938 item
720 1897 881 1937 nummi
922 1896 1213 1939 Alexandrini
1251 1897 1341 1940 cusi
1380 1911 1491 1940 anno
1521 1897 1665 1948 212l3,
1707 1911 1775 1952 ap.
1808 1896 2007 1940 Mionnet
2071 1897 2075 1902 '

283 1964 351 2007 VI
363 1979 411 2018 p.
430 1967 523 2015 356,
554 1963 802 2007 Feuardent
822 1979 869 2018 p.
891 1968 983 2015 169,
1014 1965 1113 2008 item
1135 1967 1298 2020 papyri
1326 1965 1647 2025 Aeyyptiacae).
1713 1965 2006 2009 Tribuniciam

275 2035 529 2087 potestatem
567 2033 657 2075 eius
697 2034 878 2088 coepisse
918 2047 957 2075 a.
989 2036 1072 2076 198
1112 2034 1326 2088 colliqitur
1354 2049 1404 2077 ea·
1444 2034 1579 2077 titulis
1614 2035 1654 2077 ei
1682 2037 1722 2077 et
1741 2034 1870 2089 patri
1898 2047 2005 2076 com-

278 2102 495 2152 munibus,
535 2104 583 2143 ut
618 2101 685 2143 VI
707 2105 831 2143 1033.
862 2104 981 2144 1035.
1012 2105 1123 2145 1259
1155 2102 1255 2157 dipl.
1286 2102 1375 2145 mil.
1405 2103 1495 2146 III
1517 2118 1566 2159 p.
1595 2105 1692 2154 890,
1725 2102 1850 2155 aliis5
1881 2102 2009 2157 patri

279 2170 578 2225 aequiperatur
614 2170 703 2212 iam
740 2171 786 2213 in
826 2170 948 2213 titulo
987 2171 1143 2226 scripto
1183 2185 1320 2214 mense
1363 2172 1475 2214 Mai.
1516 2175 1610 2223 198,
1652 2171 1777 2215 VIII
1796 2173 1920 2215 2465.
1953 2194 2006 2201 -

280 2239 446 2293 Togam
466 2238 638 2280 virilem
660 2241 842 2296 sumpsit
861 2240 906 2282 in
928 2240 1067 2296 Syria,
1102 2239 1227 2282 simul
1259 2240 1409 2282 consul
1430 2240 1706 2296 designatum,
1737 2238 2005 2282 consulatum

282 2308 425 2349 statim
455 2308 552 2349 iniit
582 2308 623 2348 in
658 2307 787 2363 Syria
815 2308 887 2350 vit.
921 2308 1014 2351 Sev.
1046 2312 1111 2359 16,
1144 2311 1183 2351 8.
1254 2309 1416 2352 Consul
1450 2309 1541 2352 ord.
1573 2325 1612 2352 a.
1644 2311 1726 2352 202
1758 2323 1855 2351 cum
1884 2313 2008 2365 patre

280 2376 455 2417 tertium
485 2376 603 2430 fasti.
663 2376 829 2418 Eodem
869 2391 982 2419 anno
1023 2392 1204 2419 uxorem
1245 2377 1371 2420 duxit
1411 2377 1613 2420 Fulviam
1643 2376 1891 2424 Plautillam
1919 2375 2008 2420 Dio

283 2446 346 2493 76,
369 2446 407 2493 1,
428 2443 498 2485 vit.
523 2443 615 2486 Sev.
632 2448 697 2494 14,
714 2447 754 2495 8,
777 2444 936 2489 Herod.
951 2449 990 2496 3,
1013 2449 1077 2496 10,
1099 2449 1138 2488 5.
1162 2449 1200 2489 7.
1232 2445 1494 2488 Archiereus
1516 2447 1829 2502 Byzantiorum
1847 2443 2010 2488 nummi

285 2525 353 2566 ap.
386 2511 583 2553 Mionnet
610 2512 644 2554 I
666 2527 714 2566 p.
735 2515 818 2555 380
845 2527 886 2557 n.
919 2516 1013 2564 118,
1045 2514 1182 2568 suppl.
1212 2515 1274 2557 II
1287 2529 1337 2569 p.
1358 2517 1443 2558 254
1472 2528 1553 2569 seq.
1583 2528 1625 2559 n.
1653 2517 1753 2558 298.
1783 2517 1878 2556 304.
1909 2515 2007 2557 312.

283 2582 377 2621 340.
406 2582 486 2621 343
517 2581 713 2632 (maritus
744 2581 829 2623 iam
859 2581 1088 2625 Plautillae
1108 2583 1139 2625 Ι
1155 2597 1203 2637 p.
1227 2586 1320 2636 380,
1343 2586 1437 2625 118.
1467 2582 1604 2637 suppl.
1627 2582 1692 2625 II
1703 2597 1753 2638 p.
1772 2585 1868 2625 360.
1895 2581 2008 2636 343),

287 2647 444 2703 quibus
476 2648 726 2690 interventu
756 2665 832 2691 suo
864 2651 959 2692 iura
990 2640 1163 2693 vetusta
1194 2652 1444 2694 restituerat
1472 2652 1544 2694 vit.
1565 2655 1604 2704 1,
1627 2654 1655 2693 7
1674 2650 1745 2705 (cf.
1767 2649 1916 2694 Herm.
1935 2649 2006 2699 25,

282 2718 390 2758 1890
397 2718 537 2769 p.159
552 2720 637 2760 not.
648 2720 690 2769 2,
711 2717 818 2760 Pieli
838 2719 1007 2762 Wiener
1022 2734 1132 2764 num.
1147 2720 1352 2762 Zeitschr.
1363 2723 1424 2763 27
1430 2735 1478 2774 p.
1489 2720 1578 2773 52).
1606 2744 1651 2749 —
1677 2717 1840 2762 Consul
1854 2719 1900 2761 Π
1916 2716 2008 2761 ord.

286 2799 322 2826 a.
341 2785 422 2826 205
445 2797 542 2825 cum
564 2784 611 2826 P.
630 2784 835 2841 Septimio
859 2787 971 2831 Geta
992 2787 1126 2830 fratre
1145 2788 1263 2842 fasti.
1286 2813 1340 2818 —
1363 2787 1526 2832 Consul
1547 2788 1615 2830 ΙΙΙ
1637 2787 1727 2830 ord.
1749 2803 1789 2831 a.
1806 2787 1890 2830 208
1912 2799 2010 2828 cum

285 2851 419 2894 fratre
435 2852 590 2893 iterum
602 2853 720 2906 fasti.
735 2878 793 2884 —
808 2855 913 2898 Post
928 2863 1110 2899 mortem
1125 2858 1260 2914 patris
1276 2857 1512 2913 imperator
1527 2872 1626 2900 cum
1640 2856 1774 2900 fratre
1784 2855 1874 2899 Dio
1891 2857 1957 2906 77,
1968 2857 2008 2904 1,

288 2919 446 2962 Herod.
461 2923 582 2971 3,·15,
605 2928 702 2976 post
723 2922 850 2964 huius
872 2924 1043 2966 caedem
1067 2926 1140 2980 (cf.
1160 2926 1236 2969 sub
1258 2925 1412 2981 fratre)
1435 2927 1668 2982 imperator
1687 2924 1802 2968 solus
1821 2923 2009 2978 Eutrop.

287 2991 327 3039 8,
356 2991 426 3032 20.
479 2987 641 3031 Consul
664 2990 754 3032 IIII
785 2991 876 3033 ord.
908 3008 947 3034 a.
978 2995 1062 3036 213
1093 3009 1193 3036 cum
1222 2995 1279 3038 D.
1311 2995 1458 3039 Caelio
1489 2994 1671 3038 Balbino
1703 2995 1860 3037 iterum
1889 2992 2010 3048 fasti.

289 3056 468 3099 Occisus
490 3071 528 3099 a.
545 3058 626 3100 217
646 3073 743 3100 cum
764 3060 845 3101 iter
867 3060 1027 3103 faceret
1043 3062 1209 3105 Edessa
1230 3063 1388 3107 Carras
1408 3063 1497 3107 Dio
1517 3067 1582 3115 78,
1593 3064 1632 3115 5,
1653 3064 1726 3106 vit.
1743 3062 1897 3106 Carae.
1913 3065 1951 3112 6,
1969 3063 2007 3112 6,

292 3125 395 3168 Vict.
427 3125 523 3179 epit.
545 3128 615 3176 21,
657 3126 775 3169 Oros.
804 3131 841 3178 7,
862 3131 928 3179 18,
951 3133 994 3181 2,
1028 3131 1209 3185 Syncell.
1233 3147 1281 3187 p.
1303 3136 1399 3183 672,
1431 3133 1675 3187 Hieronym.
1707 3131 1848 3176 chron.
1881 3129 1940 3173 ad
1967 3143 2008 3174 a.

288 3196 415 3244 2233,
455 3208 589 3250 prope
620 3194 777 3237 Carras
808 3196 967 3240 Herod.
997 3203 1034 3249 4,
1061 3203 1126 3251 13,
1170 3202 1356 3243 excessit
1397 3202 1510 3244 inter
1539 3201 1750 3244 Edessam
1781 3207 1823 3242 et
1854 3199 2008 3243 Carras

290 3261 631 3316 chronoyraphus
671 3264 776 3305 anni
815 3267 897 3307 354
936 3266 1021 3321 (ap.
1065 3268 1262 3312 Momms.
1304 3269 1444 3312 chron.
1484 3270 1585 3312 min.
1615 3269 1650 3312 I
1674 3284 1724 3324 p.
1750 3270 1860 3324 147),
1892 3265 2010 3324 apud

290 3329 496 3372 Edessam
518 3330 698 3385 Eutrop.
716 3334 754 3382 8,
776 3335 846 3382 20,
871 3332 910 3374 d.
933 3335 958 3376 8
984 3335 1088 3391 Apr.
1111 3336 1197 3379 Dio
1220 3340 1285 3388 78,
1307 3340 1334 3380 5
1357 3338 1414 3392 ((1.
1438 3339 1463 3380 6
1484 3337 1592 3394 Apr.
1613 3338 1685 3380 vit.
1715 3336 1866 3382 Oarac.
1890 3340 1927 3388 6,
1950 3338 2008 3389 6).

2216 3159 2242 3420 zfflm.fflaautssc.4l
2234 3123 2242 3147 ,ῃ
2238 3109 2242 3112 .
2237 3081 2242 3099 ss
2239 3067 2242 3071 .
2239 3039 2242 3054 ,.
2237 2992 2242 3006 Α.
2235 2966 2242 2980 Δ
2238 2932 2242 2950 ,-

2229 3563 2242 3672 anza—...10
2228 3515 2230 3518 “
2234 3450 2235 3453 Α
