2242 3672
199 245 425 285 SCAPVLA
1071 244 1149 288 181
1857 250 2015 288 SCIPIO

282 378 538 434 Tertullus).
581 404 632 410 —-
671 379 742 423 Ab
782 380 859 424 hoc
897 382 970 425 vix
1008 383 1195 427 diversus
1231 383 1420 442 Scapula
1458 383 1691 442 proconsul
1727 383 1921 438 Africae,
1961 382 2017 426 ad

283 463 412 507 quem
442 447 738 492 Tertullianus
771 448 892 493 dedit
925 450 1118 495 libellum
1151 452 1210 496 ad
1239 453 1475 509 Scapulam
1505 450 1568 507 (in
1606 454 1699 509 ipso
1728 453 1839 496 libro
1866 466 2018 496 nomen

284 517 499 574 Scapulae
536 531 622 561 non
659 518 901 574 reperitur),
942 519 1022 563 sub
1053 520 1279 565 Caracalla
1310 522 1369 566 ad
1397 522 1526 578 Scap.
1557 537 1592 566 c.
1616 526 1644 566 4
1673 521 1874 579 (fortasse
1904 536 2018 564 anno

281 587 434 638 21213,
475 589 524 629 ut
563 586 740 629 coniecit
781 586 975 631 Schmidt
1011 603 1114 633 mus.
1146 590 1280 634 Rhen.
1310 594 1376 642 46,
1414 594 1522 635 1891
1543 606 1592 647 p.
1614 594 1669 635 86
1693 587 1793 646 seq..
1830 591 1930 635 item
1961 590 2020 634 ad

285 655 400 700 CIL.
432 655 559 699 VIII
572 654 619 699 S.
640 658 792 707 11999,
816 660 1049 711 propterea
1070 659 1181 713 quod
1198 664 1354 703 narrat
1379 661 1680 712 Tertullianus,
1712 675 1806 704 cum
1826 659 2019 716 Scapula

283 727 528 768 conventum
548 724 694 768 Uticae
714 728 868 780 aqeret,
890 726 993 768 solis
1012 726 1151 771 lumen
1172 743 1312 783 paene
1342 730 1570 773 extinctum
1595 743 1694 781 esse,
1716 744 1802 784 qua
1820 744 1867 772 re
1887 728 2018 784 siqni-

285 793 414 848 sicari
439 793 709 848 desectionem
739 793 842 836 solis
870 808 978 849 quae
1008 796 1096 849 fuit
1125 796 1164 841 d.
1192 801 1245 840 14
1265 797 1377 852 Aug).
1400 802 1490 842 212
1510 802 1642 854 putat
1667 798 1958 854 Schmidtius).

211 888 269 894 —
311 862 364 906 Τ.
394 861 575 905 Flavius
606 861 807 920 Scapula.

210 956 267 963 —
311 937 352 976 C.
383 937 550 984 IVLIVS
582 937 821 974 SCAPVLA.

209 1025 267 1031 —
310 1007 363 1043 M.
395 1005 637 1043 OSTORIVS
670 1006 906 1045 SGAPVLA.

210 1095 268 1101 -
311 1076 353 1112 Ρ.
386 1075 625 1113 OSTORIVS
655 1075 893 1113 SCAPVLA.

212 1165 267 1169 —
313 1138 367 1193 Q.
399 1138 601 1182 Ostorius
631 1138 832 1196 Scapula.

211 1233 269 1239 —
311 1209 361 1251 P.
393 1207 601 1262 Quintius
633 1208 834 1266 Scapula.

212 1303 270 1308 —
311 1283 547 1320 PINARIVS
579 1284 812 1321 SCARPVS.

200 1359 282 1402 194
313 1363 483 1401 SGATO.
535 1357 713 1401 Nummi
738 1358 993 1413 Cyrenenses
1023 1374 1093 1414 ap.
1126 1359 1292 1403 Mitller
1319 1374 1432 1404 num.
1462 1360 1512 1404 de
1542 1360 1664 1404 l'anc.
1696 1361 1798 1416 Afr.
1821 1362 1856 1405 I
1870 1376 1918 1417 p.
1939 1365 2021 1405 166

281 1441 324 1470 n.
354 1430 563 1470 430-433.
624 1427 863 1470 Proconsul
904 1432 1089 1484 (procos.
1126 1443 1321 1472 nummus
1361 1444 1430 1485 ap.
1471 1429 1634 1473 Maller
1671 1433 1765 1482 433,
1806 1446 1871 1487 pr.
1912 1434 1998 1475 432
2008 1445 2021 1483 ;

282 1496 448 1540 nullum
478 1495 702 1552 diqnitatis
730 1496 981 1540 vocabulum
1011 1497 1188 1540 additur
1216 1501 1310 1542 430.
1340 1499 1439 1554 431)
1478 1498 1634 1542 Cretae
1676 1506 1719 1542 et
1749 1499 2021 1556 Cyrenarum

283 1565 364 1608 sub
403 1565 616 1621 Augusto,
658 1566 759 1608 vivo
782 1565 852 1608 ·M.
883 1565 1084 1623 Agrippa
1114 1567 1179 1623 (ut
1218 1581 1269 1610 ex
1304 1582 1474 1610 nummo
1503 1571 1585 1610 433
1615 1567 1828 1624 appareO,
1870 1569 1915 1611 id
1956 1576 2021 1612 est

285 1649 372 1677 non
410 1641 509 1691 post
545 1650 584 1680 a.
615 1635 697 1678 742
737 1636 910 1678 nummi.
975 1636 1049 1679 Ex
1087 1639 1210 1691 yente
1250 1636 1390 1679 Vettia
1433 1636 1498 1680 vel
1537 1651 1588 1680 ex
1622 1640 1744 1692 yente
1785 1637 2021 1692 Mayulnia

283 1718 376 1747 eum
406 1704 539 1759 fuisse
577 1703 863 1759 Boryhesius,
904 1706 978 1760 qui
1005 1706 1177 1760 primus
1214 1706 1415 1749 Seatonis
1447 1720 1599 1749 nomen
1639 1707 1687 1750 in
1723 1707 1907 1749 nummis
1935 1707 2025 1750 illis

282 1776 392 1816 recte
422 1772 544 1829 lecit,
577 1774 755 1817 coniecit
784 1789 879 1830 opp.
910 1777 939 1817 7
958 1790 1006 1830 p.
1027 1778 1128 1826 472,
1161 1775 1215 1829 cf.
1246 1778 1278 1819 2
1303 1790 1353 1831 p.
1382 1779 1475 1819 403.
1508 1800 1561 1805 -
1592 1775 1808 1819 Incertum
1835 1789 1933 1819 num
1967 1776 2021 1818 ab

284 1842 362 1885 hoc
391 1842 600 1898 appellati
627 1842 742 1886 horti
774 1843 1028 1887 Scatoniani
1059 1844 1129 1887 VI
1151 1847 1283 1894 6281„

211 1937 270 1942 -
315 1918 364 1954 D.
396 1917 682 1955 TERENTIVS
714 1918 1041 1958 SCAVRIANVS.

202 1993 282 2036 195
314 1992 551 2036 Scaurinus
590 1993 770 2047 (scarin-
811 1993 1032 2050 traditur),
1075 1993 1277 2038 Scaurini
1308 1993 1444 2048 filius,
1485 1995 1818 2050 grammaticus,
1855 1994 2023 2036 ‘doctor

285 2060 629 2114 celeberrimus’,
671 2077 801 2120 quem
840 2064 1003 2106 Romae
1043 2063 1214 2106 audivit
1254 2064 1444 2107 Severus
1474 2063 1728 2107 Alexander
1767 2062 2021 2106 adulescens

282 2131 355 2173 vit.
377 2130 503 2174 Alex.
522 2134 562 2182 3,
582 2134 622 2174 3.
681 2131 749 2187 Of.
783 2132 906 2187 infra
934 2132 1010 2175 sub
1048 2132 1242 2175 Terentio
1276 2131 1504 2176 Scaurino.

211 2223 270 2230 —-
315 2199 582 2254 (Terentius)
615 2200 868 2244 Scaurinus.

202 2280 283 2323 196
316 2313 325 2322 .
345 2313 354 2322 .
373 2313 383 2323 .
402 2314 412 2324 .
444 2287 666 2323 SCAVRVS
702 2287 877 2338 praetor
906 2281 1165 2338 proconsule
1194 2282 1481 2336 fraymentum
1512 2280 1657 2324 Setiae
1685 2295 1788 2335 rep„
1820 2279 1870 2322 X
1896 2283 2019 2324 6462.

284 2348 437 2392 Facile
464 2363 575 2392 unus
605 2364 655 2392 ex
684 2350 884 2393 Aemiliis
916 2349 1096 2394 Scauris
1124 2350 1199 2405 qui
1227 2351 1402 2404 fuerunt
1431 2349 1570 2393 libera
1596 2349 1830 2404 republica.

215 2443 272 2448 —
314 2425 593 2461 MAMERCVS
623 2426 868 2462 AEMILIVS
900 2425 1136 2462 SCAVRVS.

214 2512 273 2519 —
314 2495 368 2530 M.
400 2488 680 2542 (AEMILIVS)
712 2494 950 2531 SCAVRVS.

213 2582 270 2587 —
313 2556 473 2600 Atilius
505 2557 708 2600 Scaurus.

216 2652 270 2656 —
315 2626 537 2669 Maximus
569 2626 774 2669 Scaurus.

215 2720 269 2725 —
315 2695 548 2738 Terentius
579 2695 785 2739 Scaurus.

213 2789 271 2794 —
314 2763 369 2818 Q.
401 2764 632 2808 Terentius
663 2765 868 2810 Scaurus.

207 2845 282 2888 107
316 2845 622 2889 Scenobarbus
640 2846 934 2904 (Σκενόβαρδος
954 2846 1166 2898 traditur;
1184 2859 1286 2889 vera
1304 2845 1489 2888 nominis
1509 2844 1652 2898 forma
1674 2844 1718 2886 in
1739 2843 1876 2886 titulis
1889 2841 2023 2885 Daci-

287 2915 349 2957 cis
379 2914 691 2958 Pannonicisve
720 2916 810 2958 III
831 2918 956 2959 1265.
987 2918 1113 2966 4372,
1154 2915 1254 2958 item
1292 2915 1340 2957 in
1380 2912 1541 2956 tabella
1570 2915 1717 2955 cerata
1746 2912 1836 2954 III
1848 2926 1897 2965 p.
1924 2913 2022 2966 950)

288 2983 494 3026 Dalmata
534 2991 610 3027 aut
650 2985 924 3039 Pannonius,
966 2999 1003 3028 a.
1033 2999 1076 3041 p.
1108 2983 1212 3028 Chr.
1244 2984 1270 3026 8
1312 2983 1597 3026 transiturum
1639 2996 1684 3023 se
1720 2980 1776 3022 ad
1807 2981 2023 3022 Romanos

288 3052 368 3095 M'.
399 3053 556 3108 Ennio,
590 3054 663 3108 qui
694 3053 858 3096 Sisciae
889 3054 1118 3096 stationem
1147 3052 1319 3108 agebat,
1348 3051 1564 3108 pollicitus
1594 3049 1683 3093 Dio
1712 3052 1778 3099 55,
1809 3051 1876 3091 33.

213 3127 288 3169 198
321 3127 481 3184 Scipio,
514 3127 563 3172 C.
595 3128 812 3170 Proculeii
843 3127 909 3183 (P
926 3127 1020 3182 736)
1049 3127 1184 3170 frater
1213 3126 1454 3182 Porphyrio
1485 3125 1543 3168 ad
1571 3124 1680 3168 Hor.
1702 3137 1832 3166 earm.
1854 3125 1898 3173 2,
1920 3125 1963 3172 2,
1984 3124 2023 3165 5.

290 3194 358 3250 Cf.
389 3209 522 3250 supra
548 3197 625 3239 sub
655 3196 833 3240 Fannio
859 3195 1072 3251 Caepione
1103 3195 1168 3248 (F
1191 3195 1263 3250 86)
1294 3196 1368 3251 fin.

210 3270 289 3312 199
321 3270 480 3326 Scipio,
504 3270 748 3327 praefectus
769 3271 971 3325 cohortis,
994 3272 1039 3313 in
1059 3270 1334 3312 Mauretania
1354 3270 1523 3311 occisus
1554 3283 1592 3309 a.
1614 3267 1669 3309 69
1706 3266 1804 3308 Tac.
1826 3265 1866 3307 h.
1891 3268 1934 3314 2,
1956 3267 2024 3308 59.

224 3371 275 3375 -
322 3344 542 3400 Cethegus
574 3345 734 3401 Scipio.
