2242 3672
289 259 534 297 VIRBIANA
1143 249 1227 292 446
1791 295 1794 298 ,
1924 254 2092 291 VIBIVS
2144 251 2147 252 ⁷

292 391 397 434 472³
425 390 646 443 Virbiana,
680 389 792 431 inter
813 386 894 430 CX
914 392 1143 439 matronas,
1172 399 1283 441 quae
1309 384 1426 428 ludis
1447 384 1738 428 saecularibus
1769 400 1806 429 a.
1829 386 1914 428 204
1938 386 2093 428 Iunoni

377 458 751 510 sacrificaverunt3
782 455 923 497 Flavii
945 455 1154 497 Drusiani
1186 455 1258 509 (cf.
1278 467 1413 508 supra
1432 454 1480 496 F
1497 453 1592 501 177)
1623 469 1736 496 uxor
1767 457 1846 496 act.
1871 454 1955 497 lud.
1985 467 2092 498 saec.

375 526 463 581 eph.
497 540 557 580 ep.
578 528 607 568 8
627 540 676 579 p.
698 527 797 568 288.

291 594 373 636 473
403 593 581 636 Virdius
611 592 898 646 Gemellinus,
940 597 1194 647 procurator
1231 592 1408 634 Traiani
1450 592 1494 633 in
1526 592 1755 648 Bithynia,
1797 607 1894 634 cum
1925 592 2095 636 Plinius

375 663 642 717 provinciam
687 666 857 715 regeret
895 660 953 714 (a.
997 659 1140 714 111s3)
1181 658 1296 701 Plin.
1336 659 1395 701 ad
1433 659 1551 702 Trai.
1591 663 1661 703 27.
1700 663 1772 703 28.
1811 663 1878 703 84.
1950 660 2097 723 Filius

375 730 463 772 eius
491 729 565 783 qui
593 729 791 783 sequitur.

288 798 373 840 474
402 798 580 840 Virdius
622 798 854 851 Geminus,
891 802 1125 852 ‘spectatae
1165 795 1359 838 militiae’
1394 797 1483 850 vir,
1526 812 1564 839 a.
1596 797 1650 839 69
1687 799 1808 840 iussu
1839 798 2093 855 Vespasiani

371 865 600 908 tumultum
631 867 676 908 in
707 866 842 907 Ponto
873 871 1015 906 ortum
1045 865 1300 920 compressit
1331 864 1430 907 Tac.
1462 863 1502 909 h.
1532 867 1571 916 3,
1601 867 1668 910 48.

303 958 358 963 -
403 933 619 977 Caecilius
649 933 932 988 virgilianus.
2003 955 2005 957 ·

287 1002 369 1044 475
400 1009 440 1045 P.
472 1009 722 1045 VIRIASIVS
753 1007 889 1043 NAso·
925 999 1002 1053 (sie
1045 1001 1161 1055 cippi·
1187 1001 1370 1052 urbani,
1403 1002 1618 1044 Viriasius
1648 1003 1764 1046 Naso
1797 1007 1824 1047 t.
1854 1003 2094 1059 Cretensis),

372 1071 573 1113 tribunus
604 1070 740 1126 plebis
768 1069 1005 1125 eodemque
1034 1075 1227 1125 tempore
1257 1076 1433 1112 curator
1461 1070 1652 1113 locorum
1683 1071 1953 1128 publicorum
1983 1072 2093 1115 iudi-

372 1138 607 1181 candorum
639 1153 736 1180 cum
767 1139 816 1181 P.
848 1138 990 1180 Nonio
1021 1137 1278 1193 Asprenate,
1320 1139 1394 1194 qui
1426 1139 1575 1181 consul
1605 1139 1747 1182 fuerat
1777 1155 1812 1182 a.
1847 1155 1887 1196 p.
1920 1140 2021 1184 Chr.
2052 1141 2092 1195 6,
2128 1152 2130 1154 ’

372 1206 554 1263 aliisque
576 1207 690 1261 cippi
713 1206 873 1249 urbani
901 1205 969 1248 VI
979 1209 1090 1249 1267
1096 1213 1123 1232 ‘¹-
1138 1206 1162 1232 '’-
1188 1209 1326 1249 31573
1345 1205 1418 1259 (=
1438 1206 1555 1249 Bull.
1579 1208 1795 1251 cornwnale
1815 1211 1925 1252 1885
1939 1224 1989 1264 p.
2010 1208 2092 1264 97).

372 1275 609 1318 Proconsul
634 1276 884 1332 provinciae
906 1274 1061 1317 Cretae
1087 1289 1165 1331 per
1194 1281 1280 1317 tres
1312 1290 1446 1317 annos
1474 1275 1555 1318 sub
1584 1276 1716 1318 finem
1736 1277 1907 1332 imperii
1929 1276 2093 1319 Tiberii

369 1344 504 1398 (certe
533 1350 631 1401 post
663 1360 700 1386 a.
721 1343 795 1398 31)
831 1347 860 1388 t.
889 1342 1122 1398 Gortynius
1153 1344 1242 1386 III
1266 1343 1312 1388 S.
1335 1347 1476 1387 12036
1506 1345 1578 1400 (=
1598 1345 1725 1388 inser.
1755 1345 1827 1388 sel.
1857 1345 1968 1402 158).

297 1437 372 1470 —p
397 1419 550 1455 ATTIA
581 1419 801 1457 VIRIOLA.

284 1481 368 1524 476
397 1488 440 1523 L.
473 1488 637 1524 VIRIVS
678 1487 932 1523 AGRIGOLA
974 1482 1052 1535 (sie
1092 1481 1161 1524 VI
1190 1484 1323 1532 1984;
1364 1482 1466 1536 dipl.
1508 1482 1619 1533 mil„
1660 1483 1750 1525 ΙΙΙ
1773 1498 1822 1537 p.
1852 1485 1945 1534 893,
1987 1483 2096 1526 aliti

370 1549 605 1605 Agricola),
637 1550 799 1599 ‚consul
841 1550 931 1594 ord.
975 1565 1013 1595 a.
1045 1551 1129 1593 230
1170 1565 1271 1592 cum
1312 1550 1413 1594 Sex.
1450 1550 1576 1595 Catio
1608 1551 1879 1595 Clementino
1920 1551 2093 1594 Priscil-

369 1618 483 1661 liano
512 1620 628 1674 fasti.

286 1686 368 1728 477
402 1694 445 1738 Q.
486 1694 651 1731 VIRIVS
697 1695 949 1731 EGNATIVS
1002 1695 1254 1731 SVLPICIVS
1303 1695 1520 1731 PRISCVS.
1593 1689 1646 1742 Q.
1693 1689 1878 1745 Vi[r]ius
1921 1690 2092 1744 (Vieius

370 1755 574 1811 traditur)
605 1757 816 1811 Egnatius
839 1757 1059 1814 Sulpicius
1081 1758 1256 1809 Priscus
1286 1761 1315 1800 t.
1338 1757 1702 1812 Albinyaunensis
1731 1758 1774 1801 V
1791 1761 1911 1809 7783,
1943 1758 2092 1801 Virius

369 1823 588 1880 Sulpicius
610 1826 786 1868 Priscus
806 1826 852 1868 X
865 1818 988 1877 8059,
1011 1830 1106 1869 134.
1140 1825 1416 1869 Clarissimus
1435 1827 1506 1868 vir
1524 1827 1581 1869 ib.
1614 1826 1877 1881 Consularis,
1898 1826 2094 1884 pontifex

370 1899 412 1935 et
450 1892 605 1935 flamen
646 1894 735 1936 divi
779 1895 950 1949 Severi,
995 1902 1169 1937 curator
1209 1910 1422 1951 aquarum
1463 1910 1610 1938 sacrae
1650 1896 1769 1938 urbis
1805 1903 1847 1938 et
1876 1896 2090 1950 Miniciae,

370 1961 607 2018 eodemque
657 1970 850 2019 tempore
903 1963 1149 2020 praefectus
1210 1963 1534 2018 alimentorum3
1593 1966 1756 2006 amicus
1816 1972 1862 2007 ut
1917 1965 2094 2007 videtur

370 2029 430 2071 M.
471 2030 635 2072 Valerii
676 2032 878 2074 Braduae
918 2032 1102 2074 Maurici
1142 2032 1331 2075 consulis
1371 2032 1428 2087 (a.
1459 2035 1571 2089 191),
1615 2039 1712 2089 post
1748 2034 1872 2075 cuius
1911 2039 2090 2076 mortem

371 2098 583 2157 balneum,
610 2100 724 2156 quod
752 2100 824 2143 ille
847 2100 1139 2156 inchoaverat,
1166 2100 1598 2156 Albingaunensibus
1620 2101 1868 2156 adsignavit
1892 2105 1919 2144 t.
1940 2101 2094 2145 Albin-

363 2168 603 2221 9aunensis.
663 2169 986 2225 Dispensatoris
1018 2170 1109 2212 eius
1141 2169 1412 2224 signaculum
1442 2169 1491 2212 X
1515 2172 1637 2220 8059,
1668 2173 1760 2212 134.

283 2234 365 2275 478
398 2241 440 2285 Q.
473 2242 639 2278 VIRIVS
670 2243 884 2280 LARCIVS
918 2244 1194 2293 SVLPICIVS,
1236 2238 1446 2295 pr(aetor)
1485 2239 1589 2294 (nisi
1616 2239 1728 2292 forte
1757 2239 1843 2292 fuit
1872 2238 2090 2294 Pr[iscus],

365 2317 619 2358 quamquain
663 2305 798 2348 deesse
840 2306 950 2349 nihil
994 2306 1204 2358 traditum
1239 2310 1382 2361 potest
1418 2307 1517 2361 fleri
1554 2310 1602 2349 ut
1639 2308 1677 2349 is
1717 2307 1790 2361 qui
1826 2307 1941 2349 solus
1981 2307 2092 2350 hanc

361 2375 534 2426 partein
579 2373 694 2415 tituli
739 2374 846 2416 vidit
894 2375 1091 2417 lacunam
1139 2375 1249 2417 rnale
1299 2375 1532 2429 celaverit),
1590 2375 1909 2431 quindecimvir
1957 2377 2092 2418 sacris
2173 2430 2178 2436 Ι

369 2440 582 2482 faciundis
614 2442 682 2484 VI
703 2445 823 2485 1541.
881 2443 951 2485 Ad
993 2457 1099 2500 opus
1139 2443 1316 2500 aliquod
1357 2443 1411 2486 ab
1443 2458 1490 2485 eo
1524 2450 1770 2485 extructum
1797 2443 1858 2487 M.
1890 2442 2091 2486 Valerius

368 2508 544 2551 Bradua
570 2510 792 2552 Mauricus
823 2510 973 2553 consul
1003 2511 1058 2565 (a.
1094 2512 1191 2566 191)
1223 2511 1387 2568 aliquid
1408 2511 1582 2554 videtur
1611 2511 1828 2554 addidisse
1858 2512 1915 2554 ib.
1959 2512 2093 2555 Pater

367 2577 550 2630 fortasse
580 2578 668 2619 eius
697 2579 770 2631 qui
789 2579 1026 2632 praecedit.

285 2644 367 2686 479
397 2651 562 2687 VIRIVS
592 2653 748 2688 LVPVS
779 2648 856 2702 (sic
887 2647 1014 2698 tituli,
1055 2649 1154 2691 iteni
1183 2648 1284 2703 Diy.
1318 2648 1485 2704 [Virius
1515 2649 1697 2705 Luppus
1728 2648 1882 2691 codicis
1911 2649 2092 2693 Floren-

366 2712 448 2754 tini
484 2726 634 2755 manus
664 2713 852 2769 prima],
893 2715 1051 2762 Λοῦπος
1079 2715 1234 2770 Χῂοῖι.,
1272 2717 1443 2763 Λούπιος
1473 2731 1557 2759 exc.
1591 2717 1640 2759 de
1670 2717 1778 2772 leq),
1818 2717 1909 2760 dux
1940 2717 2091 2761 Severi

366 2787 516 2822 contra
543 2780 761 2837 Albinum,
795 2783 849 2825 ab
882 2798 931 2825 6ο
962 2785 1105 2826 victus
1137 2782 1326 2836 (exeunte
1357 2799 1397 2827 a.
1418 2789 1499 2829 196
1528 2785 1592 2827 vel
1621 2786 1789 2828 ineunte
1820 2800 1860 2828 a.
1881 2785 1981 2840 197)
2002 2786 2091 2829 Dio

367 2851 431 2899 75,
454 2852 479 2890 6
500 2848 690 2904 (Viriurn
709 2851 877 2904 Lupum
908 2852 1093 2907 intelleyi
1121 2867 1206 2895 non
1227 2857 1384 2895 certum
1408 2854 1482 2896 sed
1502 2854 1730 2908 probabile
1759 2857 1848 2909 est).
1900 2855 2090 2909 Legatus

358 2931 434 2972 pro
464 2932 528 2973 pr.
560 2918 811 2961 Britanniae
848 2919 943 2962 VII
964 2924 1061 2963 210.
1102 2924 1196 2976 273,
1251 2921 1466 2976 Ulpianus
1505 2922 1614 2964 libro
1648 2925 1763 2964 sexto
1794 2922 1852 2964 ad
1880 2922 2091 2966 Sabinum

367 2985 486 3040 (Dry.
516 2988 586 3036 28,
625 2990 662 3037 6,
692 2990 735 3038 2,
766 2987 823 3042 4),
866 2990 920 3042 cf.
951 2988 1040 3031 Dio
1073 2991 1135 3039 75,
1166 2992 1203 3044 5,
1245 3006 1283 3032 a.
1313 2990 1392 3033 197
1425 2990 1521 3033 VII
1542 2994 1640 3040 210,
1682 2991 1784 3046 quia
1816 2989 2003 3032 Severus
2040 3005 2088 3033 eo

369 3060 560 3109 tempore
593 3054 703 3096 bello
738 3056 918 3099 finitimo
962 3058 1040 3115 (τῷ
1075 3059 1253 3115 παροίκῳ
1289 3059 1471 3115 πολέμῳ)
1513 3066 1746 3114 occupatus
1783 3065 1876 3100 erat
1915 3059 2087 3113 (ayitwr’,

365 3124 412 3162 ut
439 3122 545 3163 vidit
574 3123 834 3177 Hirschfeld,
863 3125 911 3167 de
940 3126 1132 3179 reliquiis
1162 3127 1364 3180 factionis
1383 3127 1659 3178 Albinianae,
1691 3141 1802 3169 anno
1829 3127 1990 3169 demum
2008 3130 2090 3170 198

368 3191 584 3242 oppressis,
618 3192 671 3244 cf.
703 3192 954 3246 Hirschfeld
983 3193 1078 3237 hist.
1112 3195 1315 3238 Zeitsohr.
1347 3199 1411 3250 43,
1440 3198 1550 3238 1897
1571 3210 1619 3250 p.
1635 3198 1718 3237 483
1737 3198 1821 3238 not.
1841 3197 1892 3246 3,·
1917 3196 2088 3251 παροίκῳ

367 3257 413 3298 in
434 3256 624 3316 Παρθικῷ
647 3261 808 3301 mutari
826 3261 950 3302 iussit
970 3262 1171 3304 Huebner
1191 3276 1296 3306 mus.
1317 3263 1454 3306 Rhen.
1475 3266 1544 3314 12,
1568 3266 1632 3314 67,
1663 3264 1815 3306 retinet
1835 3262 2087 3306 Boissevain
