2242 3672
168 271 466 309 PRAEGILIVS
476 304 481 307 .
1049 268 1105 311 93
1659 274 1985 312 PRASVTAGVS

166 403 252 449 680
282 403 522 448 Praecilius
563 404 877 462 Pompeianus.
920 406 977 450 ad
1016 421 1146 464 quem
1187 408 1361 464 scripsit
1388 408 1550 450 Fronto
1584 406 1644 450 ad
1682 407 1839 451 amicos
1869 411 1907 460 1,
1939 410 1993 452 15

253 477 293 518 et
325 476 379 516 16
399 488 448 528 p.
471 475 553 516 184
576 487 659 528 seq.
692 475 745 528 cf.
768 489 816 529 p.
839 478 925 519 172
947 475 1109 520 Naber.

112 523 118 529 δ
168 543 251 588 681
284 548 558 586 PRAECILIA
590 549 882 585 SEVERIANA
913 544 1151 587 clarissima
1181 545 1352 600 femina,
1386 560 1498 588 uxor
1526 545 1586 588 M.
1610 545 1856 602 Sempronii
1888 547 1991 589 Pro-

254 611 635 655 culiFaustiniani
656 613 742 654 viri
765 612 1004 669 clarissimi,
1032 621 1170 657 mater
1192 615 1418 658 Maeoniae
1440 615 1704 659 Severianae
1731 615 1799 658 VI
1811 618 1849 667 1,
1868 617 1990 657 3834.

180 707 239 713 --
282 688 504 724 CLAVDIA
534 687 683 723 PAPIA
713 687 938 724 NETORIA
968 689 1172 726 INSTEIA
1205 689 1574 729 PRAENESTINA.

181 776 241 783 —-
285 749 485 794 Lartidia
514 750 813 795 Praenestina.

180 843 241 850 —-
284 826 329 871 Q.
362 825 606 862 GANVSIVS
638 825 1037 865 PRAENESTINVS.

169 889 254 933 682
284 889 509 938 Praesens,
542 886 598 929 ad
629 902 760 944 quem
790 888 966 944 scripsit
994 887 1163 932 Plinius
1195 890 1418 945 epistulam
1440 893 1477 941 7,
1497 893 1537 932 3.

169 957 254 1002 683
285 955 769 1014 [PR]AESENS.{consul
802 957 1024 1011 (suffectus
1055 973 1093 1001 a.
1125 959 1228 1014 inc.)
1259 974 1358 1001 cum
1379 958 1600 1015 Torquato
1627 959 1689 1003 tit.
1710 958 1993 1002 Britannicus

185 1063 192 1067 .
256 1026 353 1070 VII
373 1029 476 1070 422.

180 1120 242 1128 --
283 1101 530 1138 BRVTTIVS
562 1100 838 1139 PRAESENS.

181 1188 241 1195 -—-
286 1169 328 1209 G.
358 1169 607 1206 BRVTTIVS
639 1168 916 1208 PRAESENS.

181 1257 242 1264 -
283 1239 330 1276 L.
360 1238 606 1275 BRVTTIVS
639 1238 915 1276 PRAESENS.

182 1327 241 1334 --
285 1302 534 1358 Gargonius
565 1301 830 1358 [P]raesens.

183 1397 242 1403 —-
286 1371 338 1414 L.
367 1372 536 1428 Pupius
565 1371 793 1414 Praesens.

184 1466 243 1472 —-
286 1447 544 1483 OORNELIA
573 1446 958 1484 PRAETEXTATA.

177 1503 243 1542 ²—-
286 1510 518 1566 (LICINIA)
550 1515 936 1553 PRAETEXTATA.

183 1605 242 1611 —
285 1579 480 1636 Sulpicia
508 1579 803 1621 Praetextata.

183 1673 244 1679 --
286 1655 327 1693 G.
357 1653 561 1691 ASINIVS
593 1652 1007 1691 PRAETEXTATVS.

168 1717 254 1762 684
282 1723 532 1760 PRASTINA
554 1752 564 1761 .
583 1752 592 1761 .
609 1752 619 1761 .
653 1716 786 1759 frater
806 1715 983 1758 Arvalis
1010 1732 1047 1758 a.
1070 1717 1154 1758 inc.
1178 1715 1417 1759 Alexandri
1441 1720 1540 1759 acta
1561 1717 1665 1759 Arv.
1689 1716 1758 1759 VI
1774 1720 1901 1768 2110,
1924 1720 1991 1759 10.

257 1786 403 1830 Potest
432 1799 518 1829 esse
547 1786 658 1829 idem
686 1786 762 1840 qui
788 1786 989 1840 sequitur.

169 1856 253 1900 685
283 1856 570 1910 PRAST(INA)
601 1861 951 1897 MESSALLINVS
992 1854 1158 1910 legatus
1189 1854 1380 1897 Moesiae
1414 1855 1630 1897 inferioris
1660 1854 1742 1897 sub
1772 1853 1987 1910 Philippis

259 1925 315 1980 (a.
340 1925 593 1980 *244—249)
622 1925 785 1967 nummi
811 1924 1252 1979 Marcianopolitani:
1282 1924 1480 1967 Mionnct
1511 1925 1558 1968 S.
1580 1925 1641 1967 II
1654 1939 1702 1979 p.
1725 1926 1805 1966 114
1832 1938 1875 1965 n.
1895 1926 1990 1973 347,

257 1994 304 2037 in
342 1994 585 2037 collectione
625 1993 896 2048 Imhoofiana
935 1997 974 2036 ct
1008 1994 1054 2036 in
1084 2006 1224 2036 musco
1254 1993 1534 2036 Berolincnsi.
1594 1993 1739 2036 Potest
1769 2005 1854 2035 esse
1883 1991 1993 2034 idem

258 2063 332 2118 qui
349 2063 585 2118 praecedit.

172 2131 256 2174 686
288 2138 600 2177 G.PRAST1NA
630 2138 853 2174 PACATVS
884 2138 1235 2174 MESSALLINVS
1267 2147 1352 2175 cos.
1375 2131 1467 2173 ord.
1498 2147 1536 2175 a.
1562 2131 1656 2174 147.
1713 2130 1847 2173 Tituli
1865 2130 1994 2172 Lam-

261 2201 474 2244 baesitani
502 2201 627 2244 VIII
639 2204 751 2245 2535
782 2201 837 2255 cf.
860 2200 958 2243 add.
980 2216 1028 2255 p.
1046 2203 1126 2244 954
1148 2199 1232 2255 (1)‚·
1251 2203 1363 2244 2536
1385 2220 1439 2234 2
1456 2200 1503 2243 S.
1515 2203 1651 2242 18044
1674 2198 1760 2254 (2),·
1779 2199 1995 2241 miliarias

260 2269 383 2313 VIII
404 2273 545 2314 10230
575 2270 660 2326 (3);
699 2271 763 2313 tit.
807 2270 1063 2312 Numidicus
1106 2270 1229 2312 VIII
1251 2270 1298 2313 S.
1330 2273 1471 2313 17723
1500 2268 1582 2324 (4),·
1623 2266 1996 2323 Thamuyadcnscs

258 2337 382 2382 VIII
405 2339 452 2383 S.
475 2341 611 2382 17851
639 2338 724 2396 (5),·
752 2341 891 2382 17893
918 2339 1002 2396 (6);
1038 2339 1284 2381 Tomitanus
1303 2339 1393 2381 III
1415 2338 1462 2382 S.
1486 2341 1597 2381 7529
1619 2336 1682 2394 (7)
1692 2351 1704 2388 ;
1734 2336 1996 2379 Puteolanus

257 2407 307 2450 X
332 2409 448 2451 2888
477 2407 564 2466 (8);
608 2407 873 2451 Tusculanus
901 2407 1030 2451 XIV
1049 2410 1163 2451 2588
1194 2408 1267 2466 (9).
1309 2433 1366 2437 -—
1409 2406 1458 2451 C.
1490 2407 1692 2449 Prastina
1720 2403 1995 2448 Messallinus

260 2477 289 2518 t.
318 2479 362 2520 2.
396 2479 424 2518 7
461 2480 501 2520 et
538 2477 585 2519 in
624 2477 846 2519 consulatu
876 2476 957 2519 IX
982 2479 1112 2528 4957;
1149 2477 1248 2519 item
1286 2476 1512 2531 supplendi
1550 2478 1648 2518 sunt
1687 2478 1715 2517 t.
1747 2478 1785 2517 1.
1814 2478 1854 2516 4.
1884 2475 1924 2516 5.
1953 2475 1992 2515 6.

260 2577 270 2588 .
289 2577 299 2588 .
316 2543 472 2588 allinus
503 2547 631 2589 etiam
653 2547 700 2589 in
722 2546 944 2589 consulatu
973 2545 1054 2588 IX
1072 2548 1203 2598 1573;
1231 2545 1358 2588 XIV
1367 2548 1477 2597 280;
1507 2546 1708 2588 Prastina
1734 2540 1994 2585 Messalinus

261 2612 367 2668 (una
396 2613 539 2657 littera
566 2614 600 2669 l)
630 2615 803 2658 nonnisi
830 2615 877 2657 in
907 2615 970 2657 tit.
991 2617 1031 2656 3.
1054 2620 1056 2622 ’
1080 2613 1127 2658 O.
1151 2614 1354 2657 Prastina
1374 2615 1560 2657 Pacatus
1587 2617 1615 2656 t.
1637 2616 1677 2655 8.
1701 2616 1726 2656 9
1758 2615 1797 2655 et
1825 2612 1872 2653 in
1902 2624 1996 2653 con-

259 2682 404 2726 sulatu
418 2683 467 2726 X
475 2683 616 2727 V960.
636 2711 687 2715 —
709 2683 903 2739 Legatus
923 2683 1112 2738 Augusti
1132 2699 1211 2741 pro
1233 2690 1432 2740 praetore
1453 2683 1655 2738 (legionis
1675 2682 1755 2725 ΙΙΙ.
1772 2680 1997 2735 Augustae

262 2754 292 2794 t.
321 2755 366 2795 2.
396 2752 441 2807 5)
473 2752 742 2807 (Numidiae)
773 2768 811 2797 a.
843 2753 1071 2796 144—146
1103 2756 1132 2795 t.
1164 2756 1190 2796 1
1221 2754 1280 2809 (a.
1311 2755 1421 2810 144).
1462 2756 1494 2796 2
1524 2750 1582 2804 (a.
1605 2753 1714 2808 146).
1750 2753 1778 2793 3
1808 2748 1866 2802 (a.
1886 2747 1996 2803 145).

260 2823 288 2863 4
309 2821 367 2876 (a.
387 2823 499 2879 146).
519 2823 570 2864 5.
601 2824 640 2863 6.
703 2820 867 2864 Consul
898 2821 1150 2876 designatus
1182 2822 1238 2876 (a.
1276 2822 1378 2876 146)
1410 2824 1438 2864 t.
1460 2825 1500 2863 4.
1561 2819 1724 2864 Consul
1755 2818 1998 2861 ordinarius

265 2903 302 2932 a.
338 2890 419 2933 147
460 2904 559 2932 cum
598 2890 650 2933 L.
679 2889 825 2933 Annio
853 2890 1000 2945 Largo
1031 2891 1159 2944 fasti,
1193 2891 1248 2945 cf.
1281 2891 1344 2932 tit.
1368 2893 1408 2933 9.
1468 2890 1661 2945 Legatus
1690 2888 1805 2943 Aug.
1837 2902 1901 2944 pr.
1933 2902 1997 2943 pr.

264 2957 473 3012 (Moesiae
512 2958 748 3014 inferioris)
781 2962 809 3002 t.
843 2963 880 3002 7.
942 2958 1147 3002 Celerina
1179 2974 1290 3002 uxor
1318 2962 1366 3001 ut
1394 2958 1580 3009 videtur,
1623 2962 1651 3000 t.
1682 2960 1722 3000 8.
1782 2956 1999 3000 Prastinia

263 3026 425 3070 Pacata
451 3027 548 3083 filia
574 3031 623 3070 ut
651 3027 829 3079 videtur,
870 3027 996 3071 VIII
1009 3028 1056 3072 S.
1080 3031 1231 3071 17898.
1252 3053 1311 3058 --
1341 3027 1444 3070 Vide
1472 3042 1573 3070 num
1598 3027 1707 3069 idem
1736 3026 1792 3068 sit
1812 3026 1998 3067 Pacatus

262 3093 431 3151 legatus
462 3097 712 3152 provinciae
741 3096 1049 3151 Lugdunensis
1081 3095 1162 3139 sub
1192 3098 1270 3139 Pio
1305 3096 1476 3139 collatio
1504 3099 1570 3146 15,
1591 3099 1634 3146 2,
1655 3099 1694 3137 4.

178 3162 261 3207 687
292 3170 562 3207 PRASTINIA
582 3171 779 3207 PACATA
807 3164 856 3210 O.
879 3164 968 3208 filia
990 3166 1053 3208 tit.
1082 3165 1450 3220 Thamuyaclensis
1480 3164 1604 3207 VIII
1617 3163 1665 3207 S.
1684 3164 1835 3205 17898.
1874 3159 1999 3202 Filia

262 3235 311 3275 ut
339 3233 504 3277 violetur
534 3234 623 3277 cius
652 3234 727 3288 qui
746 3234 982 3289 praecedit.

178 3299 262 3343 688
292 3301 585 3358 PrasutaguS,
628 3317 709 3344 rex
747 3303 1002 3357 Icenorum,
1046 3303 1226 3344 maritus
1257 3302 1523 3356 Boudiccae,
1556 3301 1772 3343 Neronem
1805 3297 1998 3353 duasque

189 3409 192 3411 .
265 3369 375 3413 filias
405 3370 586 3414 heredes
617 3372 850 3428 scripserat
880 3387 918 3415 a.
943 3372 995 3415 61
1034 3371 1132 3414 Tac.
1157 3385 1196 3413 a.
1218 3374 1284 3423 14,
1305 3374 1373 3414 31.
