2242 3672
162 227 328 264 TITIVS
1034 220 1119 265 329
1820 227 1984 264 TITIVS

195 355 197 357 ’
248 359 404 403 Asiam
425 360 696 415 provinciam
724 361 896 411 rexerit,
927 373 1142 403 successor
1167 359 1214 404 Ο.
1237 359 1411 411 Furnii,
1445 360 1500 414 cf.
1532 359 1822 414 Waddinqton
1851 360 1985 414 fastos

250 443 292 472 n.
313 427 396 482 48).
442 429 696 472 Praefectus
726 430 875 472 classis
907 433 933 472 t.
957 433 994 473 1.
1042 428 1205 474 Consul
1237 429 1487 485 designatus
1519 432 1547 473 t.
1568 433 1594 471 1
1616 430 1814 485 (fortasse
1841 428 1985 472 consul

251 498 495 553 desiqnatus
523 499 614 541 iam
642 499 740 542 inde
771 499 824 542 ab
857 513 897 544 a.
919 501 1010 550 715,
1049 499 1102 554 cf.
1134 498 1223 542 Dio
1252 501 1320 550 48,
1350 498 1433 553 35).
1494 498 1622 542 Circa
1652 498 1759 541 haec
1790 505 1986 555 tempora

253 567 407 609 statuis
437 567 673 610 honoratus
694 567 918 624 Mytilenis
945 571 973 610 t.
996 571 1034 622 1,
1068 574 1111 610 et
1132 567 1338 610 Eleusine
1369 571 1396 611 t.
1418 571 1457 610 3.
1508 567 1636 610 Anno
1659 567 1742 610 722
1775 565 1842 620 (de
1873 581 1986 609 anno

251 639 416 678 constat
436 650 487 679 ex
506 635 664 690 Dion-59
690 635 931 678 Antonium
955 635 1176 693 relinquit,
1208 637 1366 679 transit
1388 636 1443 679 ad
1466 636 1695 680 Caesarem
1728 636 1829 680 Vell.
1850 639 1894 687 2,
1915 639 1983 687 83,

252 704 369 747 Plut.
391 704 496 747 Ant.
517 707 573 748 58
604 705 697 759 (ubi
724 705 864 747 minus
895 708 1094 747 accurate
1124 705 1281 748 dicitur
1311 706 1513 760 ὑπατικός)
1534 705 1624 748 Dio
1644 708 1711 756 50,
1733 709 1773 748 3.
1821 704 1985 748 Consul

251 773 346 816 suff.
378 789 415 815 a.
449 773 532 816 723
568 773 677 827 fasti
706 773 908 815 Venusini
937 776 976 816 et
1004 773 1281 824 Amiternini,
1315 788 1370 816 ex
1399 773 1488 816 kal.
1519 774 1648 816 Maiis
1679 773 1734 816 ad
1764 773 1854 818 kal.
1886 772 1984 816 Oct.

250 842 361 896 fasti
389 840 593 883 Venusini
620 840 674 894 cf.
706 840 954 896 hemeroloq.
975 841 1234 886 Amiternin.
1258 841 1297 884 d.
1318 845 1351 885 2
1382 838 1523 896 Sept.‚·
1555 841 1672 897 c[os]
1705 845 1733 886 t.
1764 845 1808 887 2.
1854 841 1984 899 Apud

251 909 428 952 Aetium
460 908 606 965 paullo
637 915 739 952 ante
770 908 970 952 ultimum
1002 916 1221 952 certamen
1253 918 1403 954 contra
1425 911 1605 953 Antonii
1628 912 1867 967 equitatum
1895 910 1985 953 feli·

250 979 358 1021 citer
387 985 555 1036 pugnat
574 977 665 1021 Dio
683 979 751 1030 50,
773 981 827 1020 13
846 978 1023 1034 (Zonar.
1046 974 1113 1030 10,
1134 982 1225 1036 29).
1278 981 1440 1022 Romae
1471 979 1596 1021 ludos
1627 979 1717 1022 edit
1745 981 1790 1022 in
1818 980 1986 1022 theatro

251 1048 446 1104 Pompeii
493 1043 593 1090 Vell'.
625 1051 678 1099 2,
716 1051 783 1090 79.
853 1048 1060 1090 Pontifex
1101 1052 1128 1093 t.
1160 1052 1204 1092 2.
1253 1074 1302 1080 —
1350 1049 1542 1103 Legatus
1589 1047 1788 1091 Caesaris
1833 1049 1988 1106 Syriae

252 1116 413 1161 Strabo
443 1119 509 1167 16,
532 1120 571 1168 1,
592 1119 652 1161 28
669 1131 719 1171 p.
744 1119 836 1168 748,
869 1117 1036 1172 Ioseph.
1069 1120 1156 1160 ant.
1183 1121 1249 1168 16,
1270 1120 1311 1168 8,
1335 1121 1372 1168 6,
1404 1124 1609 1174 quattuor
1640 1117 1841 1160 Phraatis
1873 1119 1986 1173 regis

198 1180 202 1182 ’
250 1186 410 1230 liberos
451 1185 625 1229 obsides
656 1187 828 1243 accepit
858 1186 1018 1230 Strabo
1051 1186 1075 1229 l.
1110 1200 1170 1239 c.,·
1209 1188 1410 1229 inimicus
1441 1186 1647 1229 Archelai
1678 1186 1986 1244 Cappadocum

251 1256 390 1311 regis,
432 1254 509 1298 sed
551 1255 606 1298 ab
637 1255 815 1298 Herode
855 1256 894 1298 ei
935 1255 1438 1311 reconciliaturIoseph.
1473 1256 1498 1298 l.
1531 1269 1564 1298 c.
1605 1254 1673 1308 (ex
1702 1255 1769 1298 his
1804 1256 1988 1311 leqatum

251 1338 346 1368 eum
375 1324 508 1379 fuisse
537 1325 654 1367 circa
685 1339 725 1367 a.
759 1327 838 1367 746
866 1324 1032 1379 colleqit
1064 1325 1304 1367 Mommsen
1332 1338 1443 1369 mon.
1474 1324 1634 1379 Ancyr.
1665 1324 1726 1368 ed.
1753 1327 1785 1367 2
1805 1339 1855 1379 p.
1877 1324 1986 1379 141).

178 1418 237 1425 —
280 1400 325 1436 L.
357 1399 555 1436 EPIDIVS
587 1400 766 1436 TITIVS.
783 1400 1069 1445 AQVILINVS.

171 1462 249 1506 197
281 1463 424 1506 Titius
454 1462 615 1505 Aristo.
675 1462 931 1517 Plerumque
969 1463 1141 1518 Arist03
1183 1463 1271 1505 Titi
1302 1463 1520 1506 Aristonis
1561 1463 1723 1506 codices
1753 1454 1897 1505 Plinii
1925 1478 1987 1517 ep.

251 1527 290 1583 1,
312 1536 388 1583 22,
411 1534 449 1583 1,
482 1531 598 1574 Titio
619 1531 814 1574 Aristoni
836 1531 980 1574 Plinii
998 1531 1127 1574 codex
1146 1532 1466 1575 Riccardianus
1495 1533 1541 1574 in
1566 1531 1703 1574 indice
1725 1531 1784 1574 ad
1804 1547 1866 1586 ep.
1887 1534 1926 1582 5,
1947 1535 1987 1582 3,

253 1601 417 1644 Titioni
448 1600 561 1643 alius
591 1600 720 1643 codex
748 1601 806 1662 ib.
837 1600 884 1642 in
905 1601 1248 1655 praescriptione
1279 1600 1521 1654 (Aristonio
1545 1615 1630 1655 pro
1651 1599 1845 1643 Aristoni
1869 1601 1987 1643 Plin.

253 1684 315 1725 ep.
345 1672 386 1721 8,
419 1673 473 1712 14
502 1669 576 1724 qui
609 1669 725 1712 solus
763 1672 882 1712 extat
920 1669 1049 1712 codex
1079 1669 1242 1724 paullo*
1267 1669 1515 1724 antiquior).
1549 1694 1600 1700 —
1637 1668 1810 1712 Salvius
1841 1669 1989 1712 Aristo

253 1739 356 1794 Diy.
376 1742 442 1789 37,
461 1741 503 1789 5,
525 1741 563 1790 6,
597 1741 674 1781 aut
704 1738 817 1781 alius
846 1742 908 1781 est
938 1737 1156 1791 (Momms.
1190 1738 1394 1781 Zeitsckr.
1427 1739 1460 1792 f.
1491 1737 1783 1793 Rechtsqesch.
1810 1741 1848 1789 7,
1880 1741 1990 1780 1868

251 1824 298 1864 p.
319 1812 402 1852 474
430 1810 517 1851 not.
548 1807 593 1862 1)
624 1810 701 1850 aut
731 1806 874 1851 Salvii
901 1822 1051 1851 nomen
1083 1807 1303 1851 delendum
1333 1806 1549 1860 (Momms.
1577 1807 1635 1850 ib.
1666 1811 1704 1858 9,
1735 1809 1844 1849 1870
1863 1821 1912 1861 p.
1935 1810 1992 1849 87

249 1881 337 1921 not.
368 1879 448 1929 13).

360 1946 417 1989 In
445 1948 596 1989 senatu
626 1959 719 1988 eum
753 1959 840 1988 non
878 1946 1010 2000 fuisse
1049 1959 1100 1988 ex
1128 1945 1243 1988 Plin.
1275 1960 1337 2001 ep.
1365 1949 1406 1997 8,
1435 1949 1488 1988 14
1522 1945 1688 1988 videtur
1716 1945 1823 1987 mihi
1851 1944 1994 1999 colliyi

244 2029 382 2070 posse.
428 2039 475 2044 —-
524 2015 823 2057 Peritissimus
865 2015 1027 2072 privati
1074 2016 1180 2057 iuris
1221 2022 1265 2057 et
1304 2014 1467 2071 publici
1505 2014 1622 2057 Plin.
1658 2029 1719 2068 ep.
1756 2017 1795 2064 1,
1831 2016 1906 2064 22,
1946 2017 1991 2056 2.

252 2087 293 2135 8,
317 2087 382 2134 14,
407 2087 444 2126 1.
466 2087 531 2126 11.
582 2083 767 2126 Audivit
788 2083 987 2127 Cassium
1018 2083 1087 2139 (C'.
1115 2082 1309 2127 Cassium
1339 2084 1593 2138 Lonqinum,
1625 2083 1699 2137 qui
1726 2083 1834 2125 vixit
1861 2096 1990 2136 usquc

254 2151 313 2194 ad
341 2155 532 2207 tempora
563 2151 834 2207 Vespasiani)
865 2151 968 2206 Diq.
999 2155 1038 2202 4,
1069 2155 1110 2203 8,
1141 2155 1207 2194 40.
1267 2152 1320 2193 In
1352 2151 1529 2193 consilio
1562 2151 1740 2193 Traiani
1772 2166 1860 2192 una
1891 2166 1988 2192 cum

253 2221 432 2263 Neratio
454 2221 606 2263 Prisco
623 2220 727 2275 Diq.
743 2223 809 2271 37,
828 2224 898 2271 12,
914 2223 954 2263 5.
983 2219 1183 2276 Epistula
1202 2220 1371 2262 Neratii
1394 2220 1448 2262 ad
1472 2235 1571 2262 eum
1587 2219 1689 2275 Diq.
1707 2223 1773 2270 19,
1790 2223 1833 2270 2,
1853 2223 1920 2270 19,
1937 2223 1992 2271 2;

253 2290 389 2346 ipsius
419 2289 476 2332 ad
505 2290 733 2332 Neratium
757 2290 810 2332 ib.
832 2293 902 2344 20,
925 2292 965 2340 3,
986 2292 1026 2332 3.
1057 2293 1124 2340 40,
1147 2293 1187 2340 4,
1208 2293 1275 2332 46.
1324 2288 1565 2346 Respondit
1586 2288 1711 2332 Celso
1732 2288 1834 2343 Diq.
1856 2292 1899 2339 2,
1923 2291 1988 2338 14,

252 2362 291 2410 7,
315 2361 357 2402 2.
410 2359 550 2416 Saepe
581 2365 848 2401 memoratur
877 2374 903 2400 a
930 2359 1037 2400 iuris
1068 2357 1320 2400 auctoribus
1350 2359 1408 2412 fr.
1442 2357 1536 2400 Vat.
1562 2360 1630 2400 83.
1659 2360 1728 2399 88.
1749 2360 1856 2408 199;
1885 2356 1988 2411 Diq.

248 2428 430 2483 passim.
490 2427 559 2471 De
598 2428 768 2482 scriptis
809 2428 899 2470 eius
938 2427 1132 2481 emposuit
1172 2426 1411 2469 Mommsen
1451 2426 1702 2480 Zeitsehrift
1744 2427 1774 2479 f.
1816 2424 1988 2467 Rechts-

251 2496 486 2552 9eschichte
507 2499 544 2548 7,
561 2499 670 2539 1868
682 2511 728 2551 p.
746 2499 828 2538 474
842 2510 926 2551 seq.
958 2495 1183 2549 Reliquias
1203 2495 1436 2550 composuit
1455 2495 1586 2538 Lencl
1597 2495 1767 2549 palinq.
1785 2498 1823 2544 1,
1842 2497 1894 2536 60
1908 2507 1990 2547 seq.

258 2565 408 2608 ‘Liber
447 2565 666 2608 Aristonis
706 2566 813 2607 iuris
853 2564 1060 2619 consulti,
1119 2563 1234 2606 haud
1275 2579 1494 2621 quaquam
1534 2563 1695 2605 indocti
1737 2563 1836 2604 viri‘
1879 2561 1989 2604 Gell.

255 2638 321 2686 11,
343 2637 410 2686 18,
431 2638 498 2678 16.
556 2634 718 2677 ‘Aristo
750 2635 795 2676 in
826 2633 1013 2676 decretis
1037 2634 1304 2675 Frontianis'
1328 2632 1431 2688 Diy.
1452 2636 1524 2683 29,
1546 2636 1589 2683 2,
1612 2636 1666 2675 99
1698 2632 1768 2685 (cf.
1792 2630 1990 2673 Momms.

257 2703 283 2746 l.
316 2718 350 2746 c.
373 2718 421 2758 p.
444 2706 525 2747 475
555 2707 641 2746 not.
661 2703 719 2758 5).
752 2729 803 2733 ——
839 2702 1017 2745 Amicus
1047 2702 1178 2745 Plinii
1210 2717 1273 2757 ep.
1305 2706 1343 2753 1,
1375 2705 1450 2753 22,
1479 2704 1517 2757 8,
1551 2703 1626 2758 qui
1657 2700 1711 2743 ad
1743 2715 1841 2742 eum
1872 2698 1993 2741 dedit

258 2787 319 2827 ep,
339 2775 379 2823 5,
403 2776 443 2815 3.
476 2775 517 2823 8,
539 2776 605 2818 14.
653 2773 865 2815 Pertinax
895 2771 1101 2815 valetudo
1134 2772 1237 2825 eius,
1271 2787 1358 2828 qua
1387 2771 1602 2814 adductus
1633 2770 1687 2812 de
1717 2770 1810 2811 vita
1839 2774 1992 2825 sponte

256 2840 447 2883 finienda
487 2843 696 2896 cogitavit
725 2841 845 2886 Plin.
880 2856 941 2896 ep.
973 2844 1011 2892 1,
1042 2844 1118 2892 22,
1145 2844 1183 2884 1.
1210 2844 1239 2883 8
1269 2840 1469 2896 (epistula
1496 2841 1659 2895 scripta
1689 2840 1806 2881 circa
1837 2853 1875 2880 a.
1907 2840 1991 2893 97).

259 2909 343 2953 Sed
376 2911 623 2967 supervixit
646 2910 828 2953 Afranio
850 2911 1020 2952 Dextro
1043 2909 1210 2952 consuli
1242 2910 1306 2964 (id
1335 2916 1401 2952 est
1431 2916 1529 2966 post
1558 2923 1718 2950 annum
1745 2907 1844 2960 105)
1875 2905 1990 2948 Plin.

259 2994 321 3034 ep.
341 2981 382 3029 8,
405 2982 470 3029 14,
493 2982 563 3023 12.
614 2979 741 3022 Uxor
771 2985 814 3021 et
843 2978 934 3021 filia
963 2985 1258 3021 memorantur
1284 2979 1341 3021 ib.
1362 2982 1401 3029 1,
1422 2982 1498 3028 22,
1522 2981 1560 3022 9.

174 3048 254 3090 198
286 3054 450 3090 TITIVS
495 3054 768 3090 HOMVLLVS
821 3046 1088 3103 (plerumque
1130 3047 1386 3102 Homullus3
1431 3047 1694 3102 qentilicium
1742 3045 1786 3086 in
1832 3042 1993 3084 duobus

259 3119 423 3158 tantum
463 3115 677 3158 codicibus
715 3117 1029 3171 antiquioribus
1059 3116 1175 3160 Plin.
1209 3131 1270 3171 ep.
1302 3120 1341 3167 4,
1373 3120 1412 3167 9,
1445 3119 1509 3166 15,
1547 3116 1729 3169 fortasse
1759 3111 1993 3154 insiticium

259 3184 348 3239 est),
381 3184 577 3226 defendit
606 3184 767 3227 Iulium
803 3185 988 3227 Bassum
1022 3191 1064 3227 et
1093 3186 1318 3227 Varenum
1350 3184 1513 3227 Rufum
1546 3199 1599 3224 ex
1630 3181 1841 3237 Bithynia
1870 3193 1991 3220 accu-

261 3259 377 3296 satos
399 3252 517 3295 Plin.
539 3267 601 3308 ep.
623 3256 662 3304 4,
684 3256 722 3304 9,
745 3255 810 3296 15.
840 3256 881 3304 5,
902 3256 974 3304 20,
997 3256 1035 3296 6.
1085 3254 1138 3295 In
1160 3259 1313 3295 senatu
1336 3253 1592 3295 sententiam
1614 3251 1720 3292 dicit
1739 3250 1795 3291 ib.
1814 3252 1851 3299 6,
1870 3251 1936 3298 19,
1952 3250 1992 3289 3.

188 3346 247 3352 --
291 3327 369 3365 CN.
401 3327 643 3365 DOMITIVS
674 3328 812 3364 AFER
840 3328 1003 3364 TITIVS
1035 3327 1339 3364 MARCELLVS
1373 3327 1582 3364 CVRVIVS
1614 3323 1856 3361 LVCANVS.
