2242 3672
148 276 306 313 SILIVS
1015 272 1099 316 245
1807 277 1966 316 SILIVS

230 407 428 451 Varrone
470 408 667 464 consule,
710 409 824 464 (‘sed
855 417 1013 453 cuncta
1043 411 1299 467 quaestione
1328 410 1565 452 maiestatis
1603 410 1846 466 exercita‘),
1889 411 1966 453 im-

229 477 465 518 minentem
506 476 828 519 damnationem
859 477 1108 521 voluntario
1150 478 1236 520 fine
1271 479 1510 535 praevertit
1545 478 1644 521 Tac.
1675 492 1715 522 a.
1746 482 1785 531 4,
1817 481 1882 523 18.
1914 482 1967 522 19

231 545 286 599 cf.
320 544 419 587 Vell.
440 549 483 596 2,
506 548 600 596 130,
632 545 722 588 Dio
749 549 815 597 60,
846 549 900 588 31
933 547 1057 603 (Zon.
1088 551 1155 605 11,
1185 550 1270 604 10).
1329 547 1510 603 Effigies
1542 548 1634 591 eius
1665 554 1840 591 senatus
1871 562 1971 591 con-

230 612 343 656 sulto
374 613 539 656 abolita
575 614 673 657 Tae.
710 628 749 657 a.
781 618 846 666 11,
876 618 931 658 35
961 615 1051 670 (sed
1078 616 1168 658 noli
1198 615 1377 668 eredere,
1411 619 1592 671 propter
1623 617 1852 660 memoriae
1880 617 1970 660 eius

231 681 544 725 damnationem
574 686 747 737 partem
786 684 971 726 nominis
1012 685 1101 727 eius
1139 686 1187 728 in
1225 686 1354 739 fastis
1386 683 1641 740 Capitolinis
1671 700 1757 729 esse
1787 687 1968 737 erasum,

231 751 284 805 cf.
325 751 487 806 supra).
558 752 685 795 Uxor
731 752 856 795 Sosia
896 753 938 794 in
984 753 1163 796 exilium
1210 754 1336 811 pulsa
1380 755 1478 797 Tac.
1525 770 1565 798 a.
1606 759 1653 807 4,
1696 758 1768 800 20.
1840 756 1972 798 Pater

231 819 279 863 G.
315 819 410 864 Silii
442 821 572 862 occisi
603 836 640 863 a.
666 821 720 862 48
751 820 839 863 Dio
871 824 937 872 60,
959 825 1012 864 31
1045 823 1100 876 cf.
1129 823 1227 866 Tac.
1252 838 1291 866 a.
1323 827 1388 875 11,
1416 826 1471 867 35
1501 824 1656 879 (liberi
1682 827 1972 868 memorantur

237 890 335 932 Tac.
367 904 406 932 a.
437 893 476 940 4,
508 892 599 946 20).

158 983 216 988 --
261 965 302 1001 C.
332 965 522 1001 MEVIVS
556 965 714 1001 SILIVS
747 965 1003 1002 CRESCENS
1036 965 1474 1004 FORTVNATIANVS.

147 1028 231 1070 508
263 1026 396 1070 Silius
428 1027 666 1082 Decianus,
699 1034 955 1084 procurator
985 1034 1034 1070 ut
1064 1028 1240 1071 videtur
1271 1044 1483 1086 aquarum
1514 1030 1594 1073 sub
1616 1030 1805 1074 Traiano
1825 1031 1972 1086 fistula

229 1097 404 1139 urbana
443 1110 512 1152 ap.
544 1097 834 1139 Lancianium
872 1096 967 1151 syll.
1000 1111 1067 1152 aq.
1109 1111 1151 1140 n.
1184 1100 1277 1142 145.
1347 1098 1510 1153 Aliqua
1541 1099 1770 1154 parentela
1806 1100 1974 1142 videtur

231 1166 478 1209 coniunctus
507 1179 601 1208 cum
627 1166 675 1219 Q.
698 1165 856 1208 Roscio
882 1165 1087 1220 Pompeio
1107 1165 1299 1209 Falcone
1321 1166 1381 1220 (R
1402 1170 1487 1224 68),
1520 1168 1686 1210 consule
1717 1169 1973 1223 temporibus

237 1234 432 1285 Traiani,
466 1237 505 1277 et
535 1246 628 1276 eum
646 1234 772 1276 huius
792 1234 886 1289 filio
912 1235 960 1288 Q.
984 1234 1188 1289 Pompeio
1209 1235 1438 1278 Senecione
1459 1236 1584 1279 Sosio
1604 1236 1756 1280 Prisco
1778 1235 1840 1290 (P
1854 1236 1971 1292 492),

230 1303 396 1346 consule
427 1317 466 1346 a.
492 1306 585 1354 169,
620 1303 772 1358 quippe
802 1303 876 1357 qui
904 1306 943 1345 et
973 1304 1059 1358 ipsi
1089 1303 1195 1347 Silii
1221 1303 1410 1347 Deciani
1439 1305 1656 1360 appellari
1685 1305 1904 1348 voluerint.

157 1397 215 1402 -
260 1379 303 1423 Q.
335 1378 584 1414 POMPEIVS
618 1378 833 1414 SENECIO
863 1378 1071 1415 ROSCIVS
1102 1379 1320 1415 MVRENA
1352 1380 1459 1418 SEX.
1489 1380 1656 1416 IVLIVS
1686 1380 1973 1417 FRONTINVS

231 1447 390 1484 SILIVS
422 1447 675 1483 DEGIANVS
708 1444 781 1484 cel.
815 1447 981 1485 SOSIVS
1013 1447 1230 1484 PRISGVS.

158 1534 215 1539 --
261 1517 305 1561 Q.
332 1516 539 1553 ROSCIVS
572 1516 784 1552 COELIVS
817 1517 1032 1552 MVRENA
1065 1517 1224 1553 SILIVS
1257 1517 1511 1554 DEGIANVS
1533 1511 1832 1567 VIBVLL[I]VS
1864 1518 1973 1553 PIVS

231 1585 397 1621 IVLIVS
429 1585 691 1621 EVRYCLES
722 1585 1025 1621 HEROLANVS
1056 1585 1307 1622 POMPEIVS
1339 1586 1519 1623 FALCO.

151 1647 234 1691 509
265 1654 425 1690 SILIVS
457 1654 712 1690 ITALICVS:
745 1649 838 1689 eius
870 1663 1022 1690 servus
1052 1647 1134 1690 XI
1138 1647 1304 1692 V2653
1334 1648 1559 1705 (Tusculi).
1604 1648 1697 1691 Aut
1723 1648 1792 1692 Ti.
1826 1647 1975 1692 Catius

239 1716 372 1760 Silius
406 1716 584 1759 Italicus
625 1716 686 1772 (C
712 1715 810 1771 474)
851 1716 1003 1759 consul
1044 1732 1082 1761 a.
1115 1718 1192 1768 68,
1237 1721 1313 1760 aut
1351 1717 1466 1760 filius
1508 1719 1601 1760 eius
1641 1718 1798 1773 maior,
1842 1717 1977 1760 frater

238 1786 389 1829 Severi
431 1786 581 1842 (supra
614 1801 655 1829 n.
686 1789 798 1842 444),
841 1786 991 1830 consul
1032 1787 1130 1829 suff.
1173 1787 1276 1829 vivo
1312 1794 1456 1844 patre,
1499 1787 1544 1830 id
1585 1793 1650 1829 est
1691 1793 1792 1830 ante
1822 1802 1860 1830 a.
1894 1787 1972 1830 101

235 1855 355 1898 Plin.
379 1869 441 1910 ep.
462 1858 502 1906 3,
528 1858 566 1906 7,
589 1858 621 1898 2
650 1855 705 1909 cf.
739 1855 943 1898 Martial.
965 1858 1004 1907 8,
1028 1859 1093 1898 66.

164 1949 223 1955 --
263 1931 326 1967 TI.
358 1930 535 1967 CATIVS
569 1930 728 1967 SILIVS
761 1930 1008 1967 ITALIGVS.

151 1994 235 2037 510
266 1999 425 2035 SILIVS
456 1993 763 2048 MESSAL(L)A
804 1993 941 2036 libere
974 1994 1234 2036 sententiam
1264 1994 1411 2036 dicere
1442 1995 1487 2036 in
1519 2001 1672 2037 senatu
1705 1993 1879 2049 solitus;
1920 1993 1975 2036 ab

238 2061 479 2117 Elagabalo
510 2063 700 2119 primum
732 2063 777 2104 in
812 2062 985 2119 Syriam
1016 2064 1260 2118 arcessitus,
1294 2069 1445 2120 postea
1467 2063 1522 2118 (a.
1545 2063 1646 2117 219)
1669 2069 1846 2105 auctore
1877 2061 1977 2104 Ela-

238 2131 394 2186 gabalo
436 2147 462 2174 a
501 2138 654 2174 senatu
691 2132 920 2174 damnatus
951 2131 1041 2174 Dio
1073 2136 1139 2183 79,
1170 2135 1209 2175 5.
1268 2131 1476 2175 Diversus
1508 2146 1535 2174 a
1567 2131 1781 2174 Messalla
1811 2130 1977 2173 consule

237 2215 275 2243 a.
298 2203 383 2244 214
404 2200 573 2255 (quippe
598 2201 672 2254 qui
696 2201 829 2254 fucrit
858 2201 910 2243 L.
934 2200 1158 2255 Valerius),
1185 2204 1325 2255 potest
1354 2201 1486 2255 fuisse
1516 2201 1554 2243 is
1582 2201 1658 2255 qui
1683 2200 1871 2254 sequitur
1902 2202 1978 2241 aut

237 2269 355 2324 filius
386 2270 488 2312 eius.

152 2339 230 2381 511
266 2345 317 2382 M.
332 2344 490 2380 SILIVS
508 2344 775 2380 MESSALLA
795 2336 1074 2392 (praenomen
1087 2353 1137 2381 eae
1149 2342 1176 2381 t.
1189 2339 1374 2394 urbano)
1388 2337 1537 2380 consul
1551 2341 1579 2380 t.
1592 2338 1786 2380 urbanus
1809 2337 1877 2380 VI
1878 2339 1974 2388 308,

240 2406 390 2450 consul
422 2406 554 2462 (suff.)
586 2422 623 2451 a.
659 2407 740 2449 193
773 2408 938 2461 (mense
968 2407 1071 2450 Mai.
1106 2414 1148 2450 et
1177 2408 1272 2450 lun.
1306 2413 1354 2450 ut
1382 2407 1575 2461 videtur)
1607 2405 1696 2449 Dio
1728 2409 1796 2457 73,
1823 2409 1889 2450 17.

154 2476 259 2518 511²
289 2482 447 2518 SILIVS
479 2482 655 2518 NERVA
686 2475 836 2518 consul
869 2476 960 2520 ord.
993 2492 1030 2519 a.
1060 2477 1113 2519 65
1151 2477 1249 2521 Tac.
1279 2491 1317 2519 a.
1340 2478 1405 2527 15,
1426 2478 1494 2518 48.
1555 2475 1809 2529 Plerumque
1841 2475 1976 2517 dictus

236 2543 290 2587 A.
323 2545 518 2587 Licinius
548 2544 697 2587 Nerva
728 2543 918 2588 Silianus
949 2545 1001 2600 (v.
1033 2558 1166 2600 supra
1196 2546 1235 2587 L
1264 2545 1373 2596 154).

155 2615 238 2658 512
269 2621 309 2656 Ρ.
343 2620 502 2656 SILIVS
536 2619 709 2655 NERVA
746 2629 831 2656 cos.
864 2614 955 2656 ord.
988 2630 1026 2656 a.
1060 2615 1156 2658 734.
1223 2614 1378 2657 Tituli:
1417 2614 1640 2668 Hispanus
1669 2613 1732 2656 II
1754 2615 1863 2655 3414
1893 2611 1977 2668 (1),-

239 2682 512 2726 Dalmatieus
537 2683 626 2725 III
646 2685 762 2727 2973
790 2683 845 2737 cf.
866 2686 1008 2725 10017
1027 2681 1103 2738 (2).
1155 2685 1203 2727 Ρ.
1238 2683 1369 2726 Silius
1404 2686 1431 2725 t.
1455 2687 1492 2725 1.
1523 2686 1566 2733 2,
1608 2681 1709 2725 Vell.
1730 2685 1774 2731 2,
1803 2684 1868 2723 90.
1897 2683 1978 2722 116

243 2753 384 2808 (pater
406 2751 484 2795 Sili
508 2766 593 2806 pro
616 2752 663 2795 P.
688 2750 767 2794 Sili
790 2751 979 2794 traditur
999 2752 1056 2794 ib.
1079 2755 1122 2803 2,
1138 2752 1225 2807 83),
1252 2751 1341 2794 Dio
1360 2754 1426 2806 54,
1447 2754 1519 2802 20,
1550 2751 1649 2793 item
1662 2750 1912 2805 plerumque
1931 2749 1977 2791 in

244 2821 478 2871 consulatu,
513 2819 561 2863 Π.
583 2821 691 2863 Ean.
715 2820 895 2878 Νεροόας
915 2820 1004 2863 Dio
1024 2821 1112 2863 incl.
1136 2821 1162 2863 l-.
1182 2824 1249 2872 54,
1281 2821 1430 2863 Nerva
1451 2820 1670 2874 chronoyr.
1694 2835 1721 2862 a
1755 2822 1848 2869 354,
1871 2818 1980 2872 fasti

241 2890 402 2945 Hydat.
472 2891 521 2932 P.
551 2889 579 2931 f.
622 2892 650 2933 t.
678 2893 733 2941 2;
772 2889 861 2932 Dio
901 2890 989 2932 incl.
1033 2890 1059 2932 l.
1090 2892 1156 2934 54.
1220 2890 1368 2934 Gener
1415 2889 1598 2946 Coponii
1643 2890 1728 2930 viri
1773 2888 1976 2944 praetorii

248 2959 350 3002 Vell.
381 2962 423 3009 2,
455 2961 521 3002 83.
584 2958 747 3001 Consul
784 2959 875 3002 ord.
915 2975 952 3001 a.
986 2960 1070 3002 734
1110 2974 1208 3001 cum
1249 2959 1308 3002 M.
1340 2958 1556 3015 Appuleio
1596 2958 1714 3012 fasti.
1785 2957 1978 3011 Legatus

244 3043 320 3086 pro
362 3043 427 3085 pr.
470 3028 710 3084 Hispaniae
751 3027 999 3083 (citerioris)
1043 3031 1070 3070 t.
1102 3031 1152 3079 1;
1193 3027 1294 3070 Vell.
1328 3031 1371 3079 2,
1404 3031 1472 3078 90,
1512 3032 1609 3083 post
1651 3025 1698 3068 C.
1740 3025 1977 3068 Antistium

245 3098 484 3152 (Veterem)
518 3097 619 3141 Vell.
641 3098 668 3140 l.
692 3112 725 3140 c.
774 3097 1016 3140 Proconsul
1045 3095 1210 3153 Illyrici
1242 3101 1270 3140 t.
1302 3101 1346 3149 2,
1378 3112 1416 3140 a.
1441 3096 1523 3139 738
1553 3095 1642 3138 Dio
1670 3098 1735 3145 54,
1767 3097 1838 3144 20,
1870 3094 1977 3135 vicit

244 3168 514 3220 Pannonios,
556 3173 782 3223 praeterea
820 3167 1005 3223 Alpinas
1047 3173 1198 3222 gentes
1238 3166 1328 3209 Dio
1364 3166 1391 3210 l.
1422 3179 1456 3208 c.
1500 3190 1553 3195 —
1595 3164 1681 3207 Hic
1723 3166 1771 3205 ut
1813 3162 1978 3204 videtur

246 3235 378 3279 Silius
418 3236 537 3291 (olim
577 3236 778 3279 edebatur
810 3235 993 3285 Silvius)
1034 3241 1178 3292 pater,
1222 3250 1321 3277 cum
1361 3250 1446 3292 quo
1487 3249 1532 3276 se
1573 3238 1776 3275 cenatum
1812 3245 1904 3274 esse
1937 3237 1979 3272 ct

244 3304 338 3348 alea
377 3305 533 3348 lusisse
563 3306 624 3348 ait
654 3305 880 3361 Augustus
911 3306 957 3346 in
988 3304 1174 3361 epistula
1202 3304 1258 3346 ad
1289 3304 1515 3347 Tiberium
1546 3302 1657 3345 Suet.
1688 3300 1801 3355 Aug).
1835 3303 1901 3342 71.
1924 3324 1975 3329 —

246 3373 377 3416 Pater
407 3374 459 3417 A.
491 3374 649 3416 Licinii
680 3374 855 3416 Nervae
888 3373 1041 3417 Siliani
1074 3371 1276 3426 (consulis
1307 3388 1346 3415 a.
1371 3387 1419 3427 p.
1449 3371 1554 3414 Chr.
1588 3373 1624 3421 7,
1656 3383 1790 3423 supra
1819 3369 1859 3410 L
1878 3367 1977 3422 153)
