2242 3672
305 271 546 310 VOLVSIVS
1163 260 1246 303 482
1806 292 1808 294 v
1844 291 1849 300 ›
1860 264 2080 305 VOLVSIV
2080 266 2106 304 8

389 403 492 458 Diy.
509 401 595 444 ind.
611 399 735 444 Flor.
757 403 796 442 et
816 398 925 441 alibi
938 399 959 451 (
960 398 1071 441 locos
1091 396 1323 452 composuit
1335 395 1467 440 Lenel
1477 396 1646 453 palinq.
1663 396 1748 442 iwr.
1765 398 1841 444 civ.
1857 399 1893 442 I
1900 398 1983 443 '575
1995 398 2109 454 seq).

390 472 498 513 Item
528 468 711 525 scripsit,
742 468 983 523 imperante
1014 466 1090 508 Pio
1124 472 1173 508 ut
1190 465 1376 519 videtur,
1410 464 1465 507 de
1486 464 1582 520 lege
1602 464 1774 509 Rhodia
1792 465 1896 522 Diy.
1913 471 1979 520 14,
1996 471 2041 520 2,
2057 471 2109 522 9;

390 546 432 581 et
451 544 570 580 extat
589 551 724 593 paene
745 537 912 590 integer
932 533 1104 577 libellus
1125 535 1218 576 eius
1239 533 1294 575 de
1314 532 1617 576 distributione
1638 534 1782 590 (assis)
1804 535 1860 578 ad
1878 535 2109 581 Caesarem

389 607 471 662 (M.
496 605 720 647 Aurelium
747 603 1004 659 Caesarem),
1035 617 1105 657 ap.
1139 602 1375 645 Mommsen
1398 601 1512 645 Abla..
1543 601 1618 645 der
1644 603 1781 648 sciolis.
1813 602 2038 651 Gesellseh.
2070 605 2108 650 d.

393 675 517 719 Wiss.
547 674 636 716 III
658 673 725 729 (el.
748 672 859 727 phil.
890 671 986 716 hist.
1018 672 1080 714 II
1070 670 1097 726 )
1124 673 1235 714 1857
1254 685 1302 725 p.
1324 672 1410 714 281
1429 684 1511 725 seq.
1565 672 1741 714 Amicus
1771 671 1843 715 vel
1871 672 2109 731 discipulus

390 742 521 787 Salvii
551 741 711 785 Iuliani
742 740 975 794 (‘Iulianus
1006 741 1189 794 noster')
1219 738 1322 794 Diy.
1343 742 1412 790 35,
1433 742 1472 790 1,
1493 741 1549 781 86
1558 752 1572 791 ;
1598 741 1763 783 amicus
1783 740 1933 784 Vindii
1965 742 2108 799 (Veri)

386 811 490 866 Diy.
521 813 588 860 35,
620 813 664 860 2,
696 812 768 853 32.
825 809 938 851 Eum
981 807 1119 850 audiit
1147 808 1324 850 Marcus
1356 807 1518 851 Caesar
1557 822 1656 851 cum
1694 809 1782 851 iuri
1811 809 2007 855 studeret
2034 812 2107 858 vit.

389 879 538 922 Marci
563 882 603 929 3,
636 881 661 921 6
668 891 682 930 ,·
711 879 766 932 ef.
800 878 1019 920 Maecian.
1049 876 1168 919 distr.
1199 877 1319 928 init.;
1348 876 1515 919 Fronto
1540 875 1599 919 ad
1624 877 1690 922 M.
1719 877 1839 923 Caes.
1860 882 1900 930 4,
1928 882 1962 923 2
1988 895 2032 935 p.
2053 882 2108 924 61

387 947 537 991 Naber
575 945 668 999 (ubi
696 936 880 988 Marcus*
912 945 1227 1000 festinationem
1257 944 1462 1000 epistulae
1490 949 1674 997 excusat,
1709 947 1829 1003 ‘quia
1857 946 2109 992 Maecianus

387 1015 626 1071 urgebat');
660 1015 803 1057 Marc.
825 1014 1030 1059 Antonin.
1063 1014 1118 1061 εἰς
1146 1014 1286 1057 ἑαυτόν
1317 1017 1355 1064 1,
1376 1016 1404 1057 6
1432 1013 1526 1069 (ubi
1550 1013 1750 1071 Μαρκιαν·
1774 1014 1995 1072 traditur).
2041 1017 2107 1061 Eo

386 1085 491 1127 iuris
532 1085 669 1140 perito
710 1084 778 1126 usi
820 1090 922 1125 sunt
962 1090 1005 1124 et
1044 1082 1293 1126 Antoninus
1335 1082 1440 1124 Pius
1478 1082 1551 1125 vit.
1582 1081 1659 1125 Pii
1690 1086 1760 1138 12,
1792 1087 1833 1135 1,
1873 1091 1918 1127 et
1951 1085 2108 1130 fratres

386 1155 666 1210 imperatores
696 1151 799 1207 Diy.
828 1155 895 1202 34,
926 1155 990 1202 14,
1022 1155 1090 1196 17.
1150 1151 1346 1194 ‘Amicus
1376 1157 1537 1195 noster'
1570 1151 1814 1209 appellatus
1843 1167 1871 1195 a
1899 1152 2108 1197 fratribus

384 1220 716 1278 imperatoribus
759 1221 817 1263 ib.
861 1245 919 1250 —
966 1219 1095 1263 Anno
1149 1221 1230 1264 152
1286 1221 1400 1263 inter
1455 1226 1660 1277 patronos
1709 1220 2107 1267 lenunculmiorum

385 1290 667 1344 Ostiensium,
710 1296 807 1345 post
846 1293 1068 1332 senatores
1107 1289 1273 1345 primus
1312 1288 1439 1332 XIV
1456 1291 1555 1333 250.
1584 1314 1642 1320 —
1676 1289 1884 1334 Fortasse
1907 1290 1978 1334 hic
2007 1290 2108 1348 [Vo-

384 1359 538 1415 l]usius
568 1358 819 1401 Maecianus
851 1357 1095 1414 praefectus
1115 1358 1307 1414 Aegypti
1325 1371 1522 1413 papyrus
1550 1371 1663 1401 nune
1680 1357 1838 1410 Berol.‚
1869 1359 1976 1416 Aey.
2004 1359 2107 1405 Urlo.

382 1442 424 1473 n.
445 1431 528 1470 613
555 1441 592 1469 v.
621 1430 648 1470 9
678 1428 965 1482 (praefectum
1003 1426 1134 1481 fuisse
1174 1427 1290 1469 eirea
1320 1441 1360 1469 a.
1390 1429 1471 1470 150
1496 1429 1629 1481 putat
1656 1427 1712 1472 A.
1745 1427 1867 1471 Stein
1896 1427 2012 1474 arch.
2042 1443 2106 1484 ep.

386 1495 532 1539 Mitth.
566 1509 643 1538 aus
672 1495 806 1539 Oestr.
827 1498 891 1545 19,
914 1498 1024 1538 1896
1044 1509 1094 1550 p.
1111 1498 1192 1538 153
1210 1498 1297 1537 not.
1313 1498 1380 1545 19,
1411 1494 1559 1539 Herm.
1580 1498 1640 1539 32
1658 1510 1708 1550 p.
1729 1499 1830 1548 664,·
1861 1497 1917 1551 of.
1939 1496 2108 1542 mucis
2131 1506 2133 1509 ’

384 1564 529 1607 Herm.
553 1563 579 1610 l.
607 1578 643 1608 e.-
663 1579 711 1618 p.
735 1564 846 1619 651).
895 1564 1047 1607 Minus
1076 1566 1234 1606 eertwm
1265 1578 1323 1606 an
1350 1563 1418 1606 hio
1448 1563 1576 1619 (quod
1602 1563 1823 1607 voluerunt
1849 1565 1984 1617 multi,
2013 1565 2108 1610 ium

385 1633 552 1676 dubitat
572 1632 693 1676 Stein
715 1632 741 1675 l.
764 1631 816 1687 e.)
848 1633 1114 1687 Maecianus,
1148 1633 1219 1674 cui
1240 1632 1295 1675 ab
1314 1631 1476 1675 Avidio
1500 1631 1663 1687 Cassio,
1696 1632 1933 1677 rebellione
1952 1649 1991 1678 a.
2011 1635 2105 1691 175,

384 1701 653 1744 Alexandria
673 1703 901 1744 commissa
921 1707 1025 1755 erat,
1059 1707 1103 1743 et
1122 1701 1199 1757 qui
1228 1699 1453 1743 interfecto
1475 1699 1624 1744 Cassio
1646 1703 1702 1744 ab
1723 1702 1919 1745 exercitu
1939 1703 2105 1746 occisus

383 1777 447 1813 est
475 1771 546 1812 vit.
577 1770 727 1812 Marci
754 1773 825 1821 25,
855 1773 895 1821 4,
918 1770 992 1812 vit.
1013 1769 1142 1812 Avid.
1171 1768 1292 1813 Cass.
1315 1773 1352 1820 7,
1373 1773 1401 1812 4
1431 1768 1564 1824 (filius
1586 1769 1725 1812 Cassii
1745 1771 1815 1813 vit.
1840 1770 1984 1815 Marc.
2004 1771 2032 1817 l.
2054 1784 2103 1823 c„

382 1853 524 1881 errore
552 1842 600 1881 ut
626 1839 822 1892 videtur).

298 1907 380 1949 658
412 1906 618 1949 Volusius
642 1906 867 1958 Proculus,
891 1907 1137 1950 nauarchus
1156 1906 1305 1950 classis
1326 1906 1597 1961 Misenensis,
1621 1921 1659 1951 a.
1678 1907 1733 1950 59
1753 1908 1867 1951 inter
1885 1909 2105 1953 ministros

381 1975 525 2017 caedis
552 1975 832 2032 Agrippinae,
866 1991 904 2018 a.
935 1977 990 2019 65
1020 1976 1358 2019 coniurationem
1388 1976 1681 2029 Pisonianam,
1713 1975 1768 2018 de
1798 1991 1886 2033 qua
1915 1992 1972 2020 ex
2000 1977 2103 2035 Epi-

382 2043 501 2085 chari
531 2044 768 2098 audiverat,
802 2044 995 2098 prodidit
1023 2045 1186 2087 Neroni
1222 2045 1320 2087 Tac.
1354 2059 1393 2089 α.
1425 2046 1491 2095 15,
1521 2047 1587 2088 51.
1617 2046 1685 2088 57.

296 2113 379 2155 659
410 2118 650 2154 VOLVSIVS
683 2119 1020 2155 SATVRNINVS:
1061 2114 1150 2155 eius
1191 2127 1339 2156 nomen
1367 2113 1415 2155 in
1444 2112 1592 2168 fistula
1621 2113 1806 2167 aquaria
1831 2113 2002 2156 wrbana
2030 2113 2107 2169 (ad

380 2184 558 2223 montem
588 2181 827 2223 Testaeeum
856 2181 974 2236 rep),
1008 2196 1076 2236 ap.
1099 2182 1386 2224 Laneianium
1415 2180 1506 2236 syll.
1532 2195 1597 2234 aq.
1619 2194 1659 2223 n.
1685 2183 1778 2234 185,
1808 2181 1909 2224 item
1937 2182 1984 2225 in
2013 2181 2105 2225 alia

379 2248 524 2304 fistula
551 2250 722 2291 urbana
749 2250 814 2292 vel
841 2251 1102 2300 suburbana,
1134 2251 1192 2293 ib.
1213 2264 1257 2292 n.
1275 2253 1361 2294 432
1386 2248 1518 2304 (hanc
1536 2249 1644 2291 vidit
1664 2248 1779 2292 solus
1795 2249 2106 2303 Biamehinius5

382 2331 471 2359 una
499 2321 690 2371 repertae
718 2322 817 2360 sunt
835 2319 1013 2376 fistulae
1031 2318 1096 2361 vel
1118 2319 1287 2374 fistulae
1313 2319 1440 2361 unius
1460 2320 1614 2373 partes
1631 2317 1770 2372 Appii
1786 2317 1927 2361 Annii
1945 2318 2102 2370 Marsi,

380 2387 433 2439 ef.
474 2399 606 2440 supra
635 2386 678 2428 A
710 2389 804 2438 511,
842 2388 1009 2430 nomine
1047 2388 1301 2443 inscriptae,
1345 2387 1456 2430 unde
1499 2401 1583 2429 non
1626 2389 1736 2429 reete
1780 2401 1808 2429 a
1849 2387 2104 2441 quibusdam

380 2454 542 2497 Volusii
570 2455 799 2497 Saturnini
832 2459 871 2498 et
899 2456 1039 2498 Annii
1067 2456 1216 2499 Marsi
1253 2456 1427 2498 nomina
1462 2455 1685 2498 coniuncta
1713 2457 1839 2511 sunt).
1897 2455 2103 2499 Fortasse

378 2536 487 2564 unus
518 2537 659 2566 eorum
689 2525 760 2578 qui
787 2528 1029 2578 sequuntur,
1061 2529 1170 2568 certe
1199 2540 1251 2568 ex
1280 2524 1424 2568 eadem
1454 2524 1587 2568 domo.

295 2592 377 2633 660
408 2598 451 2633 L.
486 2598 728 2634 VOLVSIVS
769 2599 1083 2636 SATVRNINVS
1126 2593 1276 2636 consul
1306 2609 1344 2638 a.
1378 2594 1474 2637 742.
1533 2593 1632 2648 Ipse
1665 2593 1908 2648 ponendum
1939 2593 2104 2636 curavit

381 2659 554 2714 Ci'nyuli
590 2661 635 2702 in
673 2661 830 2704 Piceno
867 2662 1035 2704 titulum
1071 2663 1265 2705 mutilum
1294 2662 1375 2705 IX
1400 2664 1511 2704 5680
1541 2660 1622 2716 (1),·
1651 2664 1880 2715 praeterea
1919 2660 1978 2704 acl
2010 2675 2103 2704 eum

378 2727 541 2769 violetur
579 2724 822 2783 referendus
861 2734 890 2773 t.
927 2730 1162 2774 Thraeieus
1175 2764 1185 2782 ,
1228 2730 1302 2773 sed
1336 2731 1519 2784 fortasse
1549 2744 1600 2772 ex
1628 2729 1741 2772 Asia
1773 2729 1989 2780 oriundus,
2020 2729 2110 2773 III

380 2798 465 2838 727
501 2795 576 2850 (2).
653 2797 830 2839 Nummi
877 2798 1126 2853 oppidorum
1173 2799 1507 2853 Africanorum,
1551 2797 1778 2848 thullae,
1824 2812 1894 2852 ap.
1939 2796 2103 2840 Maller

378 2865 570 2906 numism.
598 2864 647 2907 de
679 2865 892 2920 l'Afrique
912 2867 974 2909 II
993 2883 1041 2922 p.
1058 2871 1113 2910 44
1131 2882 1173 2910 n.
1190 2871 1228 2911 9.
1250 2871 1304 2910 10
1325 2867 1380 2921 cf.
1401 2867 1491 2909 III
1495 2881 1542 2921 p.
1561 2869 1655 2910 193.
1677 2866 1711 2908 I
1715 2865 1757 2908 V
1760 2881 1809 2921 p.
1829 2869 1897 2916 41,
1926 2863 2102 2914 Hadru7

378 2933 478 2973 meti
504 2933 561 2975 ib.
583 2933 643 2974 II
659 2948 707 2987 p.
726 2935 785 2976 52
809 2948 849 2975 n.
872 2937 944 2977 27.
964 2938 1035 2986 28,
1066 2935 1220 2990 Geryis
1239 2936 1297 2978 ib.
1318 2935 1380 2978 II
1395 2949 1443 2989 p.
1463 2937 1530 2977 35.
1573 2933 1782 2976 Nummus
1797 2932 2097 2981 Antiochenam,

380 3014 449 3053 ap.
483 3001 679 3044 Mionnet
714 3001 755 3044 V
776 3005 867 3053 156,
901 3007 958 3045 77
985 3003 1100 3055 (item
1131 3004 1176 3046 in
1204 3017 1309 3047 mus.
1338 3002 1519 3057 Berol).

463 3069 513 3111 L.
536 3068 801 3124 V[ol]us[i]us
823 3071 1117 3126 Sa[t]urninus
1138 3075 1168 3115 t.
1188 3076 1232 3123 2,
1263 3073 1313 3114 L.
1340 3070 1548 3115 Volusius
1570 3070 1701 3114 Satur
1719 3103 1728 3113 .
1746 3104 1757 3113 .
1774 3103 1785 3113 .
1818 3073 1848 3113 t.
1866 3072 1906 3120 1,
1938 3068 1988 3113 L.
2010 3068 2098 3112 Vo·
2235 3097 2242 3124 3

379 3134 516 3178 lusius
549 3136 690 3181 Satur.
721 3140 882 3180 nummi
910 3139 1190 3191 Aehullitani,
1223 3141 1321 3183 item
1349 3140 1411 3183 sie
1438 3139 1502 3182 vel
1532 3139 1705 3182 saturn.
1765 3137 2096 3188 Hadrumetum,
2219 3130 2242 3202 ἐ

379 3203 610 3259 Σατορνῖνος
645 3205 776 3250 )ὐολο.
808 3218 1001 3250 nummus
1029 3208 1329 3263 Antiochenus,
1363 3209 1413 3251 L.
1439 3206 1645 3250 Volusius
1673 3207 1836 3250 nummi
1861 3205 2098 3261 Geryitani,
2238 3216 2242 3225 ’

380 3271 477 3311 item
503 3272 599 3315 Tae.
623 3287 662 3314 a.
684 3276 723 3322 3,
744 3277 812 3316 30.
865 3275 920 3316 In
946 3276 1166 3318 consulatu
1189 3277 1239 3319 L.
1261 3276 1469 3320 Volusius
1490 3276 1549 3319 Sa
1566 3308 1691 3319 .....
1721 3275 1832 3330 fasti
1852 3273 2097 3329 Cuprenses,

381 3337 640 3382 Saturninus
669 3341 778 3394 fasti
805 3342 968 3397 Hydat.
