2242 3672
251 275 527 312 SVETONIVS
1110 262 1192 319 278
1778 263 2055 301 SVETONIVS

337 407 391 460 cf.
420 421 467 460 p.
494 405 601 448 XII
632 403 725 456 (ubi
759 400 1019 456 gentilicium
1055 402 1115 441 est
1154 398 1353 450 Σουελλ.),
1388 397 1508 439 Mus.
1538 395 1683 439 Berol.
1721 399 1802 440 cat.
1835 410 1991 442 numan.
2024 396 2059 440 I

336 490 384 529 p.
411 477 503 524 167,
536 476 563 515 7
570 486 582 523 ;
621 470 783 513 nummi
810 467 1195 523 Philippopolitam?
1222 466 1336 509 Brit.
1370 465 1486 507 Mus.
1520 465 1545 507 l.
1579 478 1612 507 c.
1635 479 1683 519 p.
1705 468 1796 516 163,
1827 469 1893 516 17,
1934 465 2052 511 MuS.

334 542 476 585 Berol.
509 540 681 582 Beschr.
715 538 751 580 ol.
785 538 972 580 Muneen
997 536 1031 578 I
1044 550 1091 590 p.
1113 538 1213 585 223,
1236 537 1305 578 20.
1327 538 1385 577 21
1415 534 1607 588 (Σουελ.).
1668 532 1856 576 Curator
1884 533 2056 577 aedium

335 624 551 653 sacrarum
576 614 617 649 et
639 620 814 662 operum
839 605 1118 659 locorumque
1138 602 1411 659 publicorum
1437 617 1474 644 a.
1497 602 1577 644 192
1604 604 1632 646 t.
1652 601 1844 644 urbanus
1864 601 1933 644 VI
1943 604 2059 646 3702

342 678 569 731 meliusque
598 676 654 718 ib.
685 677 823 717 30967
851 674 904 727 cf.
935 672 1122 715 Huelsen
1151 671 1274 714 Ro'm.
1307 671 1455 713 Mitth.
1486 673 1595 713 1895
1616 685 1663 725 p.
1684 672 1722 713 5.

247 748 326 790 691
362 745 591 789 Suetonius
622 744 804 796 Laetus,
847 741 1046 784 tribunus
1087 740 1430 796 angusticlavius
1471 739 1652 794 legionis
1682 740 1835 782 tertiae
1864 738 2058 783 decimae

333 813 592 869 (Geminae),
624 811 820 854 interfuit
847 826 884 853 a.
918 810 972 853 69
1003 809 1116 852 bello
1149 809 1268 866 quod
1297 810 1410 851 inter
1437 808 1706 851 Othonianos
1737 814 1780 850 et
1800 807 2056 851 Vitellianos

330 889 499 938 gestum
530 887 615 935 est3
647 886 770 936 pater
801 879 849 922 O.
880 879 1076 922 Suetonii
1103 877 1347 934 Tranquilli
1378 877 1490 921 Suet.
1521 876 1616 920 Oth.
1648 880 1711 919 10.

245 953 328 995 692
361 951 468 1006 [Ο]Ν.
493 950 763 1005 [S]VELLIVS
785 954 946 990 RVFVS
978 946 1209 1003 proconsul
1230 952 1279 988 ut
1297 945 1473 988 videtur
1489 946 1759 1001 (quamquam
1777 945 2056 1000 mayistratus

328 1019 575 1062 vocabulum
596 1018 727 1070 abest)
745 1016 899 1060 Cretae
916 1020 948 1059 t.
969 1015 1180 1059 Cretensis
1197 1015 1351 1058 Museo
1371 1015 1562 1058 Italiano
1583 1015 1629 1057 oli
1648 1014 1856 1057 antichita
1876 1013 2057 1058 classica

329 1091 368 1137 3,
389 1091 500 1130 1890
520 1102 570 1142 p.
592 1090 673 1129 669
703 1088 732 1140 (.
751 1119 760 1128 .
779 1085 815 1128 Ν
835 1085 898 1128 vel
921 1084 1296 1129 ΓΝΓΟΥΕΛΛΙΟΥ
1327 1083 1554 1128 ΡΟΥΦΟΥ
1584 1083 1684 1138 leyit
1705 1082 1935 1134 Halbherr,
1966 1097 2055 1126 eor-

327 1157 440 1198 rexit
465 1156 526 1198 sic
555 1158 603 1197 ut
631 1168 778 1209 supra,
809 1157 920 1196 recte
949 1157 997 1196 ut
1018 1157 1140 1208 puto,
1172 1167 1427 1207 quamquam
1458 1153 1585 1195 eliam
1602 1151 1651 1194 cle
1678 1151 1833 1194 Velleio
1852 1151 1916 1195 vel
1940 1150 2056 1195 Velio

328 1225 447 1278 Rufo
479 1224 619 1278 aliquo
652 1223 837 1277 coyitari
866 1221 1038 1277 potest).
1098 1221 1236 1265 Plane
1265 1223 1472 1264 incertum
1500 1235 1603 1263 nuni
1630 1220 1710 1263 huc
1742 1221 1960 1275 pertineat
1989 1219 2056 1276 (de

328 1307 408 1347 quo
436 1292 598 1334 monuit
627 1290 860 1345 Halbherr)
892 1290 1113 1346 [S]uellius
1145 1290 1284 1333 Rufus
1315 1289 1443 1333 XIV
1462 1293 1560 1333 424.

243 1361 326 1403 693
357 1360 588 1403 Suetonius
618 1359 877 1416 Optatianus
906 1360 985 1413 (sic
1016 1358 1144 1401 codex
1174 1358 1426 1409 Palatinus,
1463 1372 1549 1401 non
1583 1357 1876 1414 Optationus),
1917 1356 2054 1399 vitam

328 1429 599 1484 imperatoris
632 1428 775 1470 Taciti
809 1427 982 1483 scripsit
1012 1427 1213 1482 Vopiscus
1240 1428 1313 1469 vit.
1351 1427 1449 1469 Tac.
1471 1429 1537 1477 11,
1558 1429 1597 1470 7.

243 1497 326 1539 694
360 1504 399 1538 C.
433 1502 709 1538 SVETONIVS
739 1502 987 1538 PAVLINVS
1028 1495 1280 1550 (Suetonius
1310 1495 1519 1538 Paulinus
1547 1508 1691 1537 rerum
1719 1494 1970 1549 scriptore&
2006 1494 2055 1537 in

329 1565 549 1607 consulatu
581 1565 685 1607 anni
704 1568 756 1607 66
788 1564 836 1608 O.
861 1564 1092 1607 Suetonius
1112 1564 1320 1607 Paulinus
1340 1563 1422 1607 XI
1433 1566 1526 1614 395,
1557 1562 1606 1607 O.
1630 1563 1879 1619 Suetoni[us
1908 1561 2051 1619 Pa]ul-

329 1633 442 1676 linus
464 1633 571 1676 Pais
589 1637 682 1688 417,
716 1632 764 1676 O.
798 1633 1029 1676 Suetonius
1061 1665 1185 1676 .....
1218 1632 1287 1675 VI
1307 1635 1417 1675 8639
1438 1652 1494 1667 =
1513 1631 1562 1674 X
1586 1634 1706 1683 6637,
1739 1631 1788 1676 G.
1820 1631 2052 1675 Suetonius

333 1702 431 1746 Tac.
455 1716 494 1745 a.
516 1705 581 1753 16,
603 1705 668 1753 14,
702 1701 934 1745 Suetonius
965 1701 1176 1744 Paulinus
1205 1701 1405 1744 Frontin.
1435 1715 1501 1755 aq.
1534 1704 1627 1751 102,
1659 1699 1748 1743 Dio
1778 1703 1843 1756 63,
1872 1703 1912 1752 1,
1941 1700 2052 1744 Pau-

327 1770 439 1812 linus
478 1771 585 1823 fasti
617 1770 778 1825 Hydat.
821 1769 1004 1825 (Paulus
1048 1769 1267 1825 chronoqr.
1300 1784 1339 1812 a.
1367 1772 1470 1820 354,
1510 1768 1720 1826 Apuleius
1752 1769 1834 1812 alii
1859 1768 2056 1813 nonnulli

324 1839 532 1892 fastorum
563 1838 789 1893 laterculi).
1082 1882 1089 1888 ‚

411 1906 464 1949 A.
496 1908 550 1949 42
588 1906 755 1962 legatus
796 1909 1039 1963 praetorius
1080 1922 1178 1950 cum
1215 1907 1380 1949 Mauris
1416 1905 1576 1949 bellum
1618 1907 1772 1962 gessit,
1819 1921 1959 1964 usque
1996 1906 2054 1950 ad

327 1975 547 2018 Atlantem
577 1976 824 2031 penetravit
843 1975 932 2019 Dio
954 1979 1017 2027 60,
1039 1980 1077 2027 4,
1108 1983 1404 2031 transgressus
1435 1990 1608 2032 quoque
1638 1974 1860 2018 Atlantem
1890 1975 2056 2032 aliquot

326 2044 491 2086 milium
524 2044 660 2100 spatio
692 2043 810 2087 Plin.
845 2044 884 2088 h.
916 2058 957 2087 n.
987 2047 1027 2095 5,
1058 2047 1112 2087 14
1142 2042 1295 2097 (Solin.
1325 2047 1396 2095 24,
1430 2042 1523 2095 15),·
1562 2043 1617 2086 de
1656 2043 1738 2086 hac
1778 2043 2054 2101 expeditione

329 2113 421 2168 ipse
461 2111 673 2168 quaedam
714 2113 885 2169 scriptis
924 2112 1169 2167 mandavit,
1214 2127 1325 2169 quae
1364 2111 1563 2154 adhibuit
1600 2111 1769 2154 Plinius
1809 2112 1849 2155 h.
1886 2126 1926 2155 n.
1959 2112 1986 2158 l.
2018 2125 2052 2156 ο.

329 2181 382 2234 ef.
414 2184 452 2231 1,
482 2183 521 2223 5.
572 2180 713 2223 Paulo
736 2185 837 2236 post
865 2181 1031 2224 videtur
1059 2182 1191 2236 fuisse
1222 2181 1366 2224 consul
1395 2179 1604 2233 suffectus
1626 2180 1734 2236 (ipso
1763 2194 1876 2224 anno
1903 2182 1976 2232 42,
2005 2183 2055 2223 ut

327 2249 501 2291 coniecit
510 2249 771 2304 Boryhesius
787 2250 930 2304 opp.5,
946 2252 1073 2306 325);
1094 2250 1410 2292 vetustissimus
1432 2249 1723 2292 consularium
1743 2248 2055 2304 (consiliarium

328 2317 435 2368 cod.)
476 2317 558 2359 fuit
597 2333 634 2361 a.
666 2318 721 2360 69
769 2319 867 2363 Tac.
898 2318 937 2361 Ιι.
969 2322 1012 2369 2,
1042 2322 1110 2361 37.
1175 2318 1229 2361 A.
1261 2319 1315 2361 59
1354 2317 1523 2374 legatus
1563 2333 1640 2374 pro
1681 2333 1746 2375 pr.
1786 2318 2052 2374 Britanniae,

328 2400 551 2427 successor
578 2386 757 2428 Veranii
793 2387 891 2429 Tac.
921 2387 1029 2442 Ayr.
1060 2390 1125 2437 14,
1159 2401 1258 2429 ann.
1289 2390 1353 2438 14,
1384 2390 1456 2438 29,
1497 2386 1674 2429 biennio
1714 2401 1943 2444 prosperas
1983 2400 2054 2428 res

328 2453 480 2496 habuit
515 2455 611 2497 Tac.
644 2455 752 2509 ΑΨ.
785 2455 811 2500 l.
844 2469 892 2506 c.,
924 2471 961 2498 a.
993 2457 1045 2499 61
1089 2455 1345 2498 seditionem
1379 2455 1689 2498 Britannorum
1728 2461 1933 2512 expertus
1973 2460 2051 2511 est,

329 2536 457 2577 quam
498 2536 626 2577 aegre
667 2523 836 2566 domuit
879 2524 976 2567 Tac.
1011 2523 1119 2579 ΑΨ.
1152 2527 1296 2567 14-16
1335 2524 1387 2578 cf.
1428 2537 1460 2567 c.
1491 2525 1531 2566 5.
1560 2526 1626 2575 18,
1669 2538 1769 2567 ann.
1799 2527 1864 2575 14,
1895 2526 2053 2576 29-39,

327 2589 416 2631 Dio
445 2593 514 2640 62,
547 2594 678 2643 7-12,
711 2593 764 2646 cf.
797 2593 895 2635 Tac.
926 2593 966 2637 li.
997 2596 1039 2643 2,
1072 2596 1128 2635 37
1137 2607 1150 2644 ;
1190 2592 1341 2635 eodem
1380 2607 1492 2634 anno
1531 2599 1762 2649 revocatus
1793 2591 1969 2646 (annum
1997 2594 2056 2636 62

327 2659 522 2711 praefert
541 2659 743 2702 Huebner
771 2675 875 2704 nius.
897 2661 1034 2703 Rhen.
1056 2665 1126 2712 12,
1148 2664 1215 2712 49,
1247 2661 1337 2704 sine
1367 2674 1499 2704 causa
1527 2664 1576 2703 ut
1595 2664 1747 2718 puto);
1777 2662 1985 2704 successit
2013 2661 2053 2704 ei

331 2726 558 2768 Petronius
598 2727 876 2784 Turpilianus
923 2730 1020 2772 Tac.
1053 2744 1092 2772 a.
1124 2733 1188 2780 14,
1218 2733 1284 2772 39.
1356 2729 1520 2773 Consul
1561 2730 1750 2785 (iterum)
1792 2729 1883 2774 ord.
1919 2745 1957 2773 a.
1997 2730 2054 2773 66

331 2807 428 2834 cum
450 2793 497 2836 O.
519 2795 679 2837 Luccio
709 2796 907 2839 Telesino
939 2798 1046 2851 fasti
1075 2791 1246 2852 (iterum
1277 2797 1485 2841 consulem
1516 2812 1609 2840 eum
1638 2801 1736 2840 tunc
1765 2798 1897 2852 fuisse
1923 2811 2054 2852 neque

329 2861 374 2902 in
414 2862 628 2904 consulum
668 2863 881 2907 latereulis
920 2880 1049 2920 neque
1088 2867 1133 2908 in
1170 2866 1263 2908 ulla
1293 2865 1385 2908 alia
1414 2865 1656 2908 consulatus
1684 2867 1892 2909 mentione
1923 2865 2054 2909 adno-
2080 2890 2083 2891 ν
2134 2899 2140 2904 ,

2173 2927 2179 2941 ,

332 2932 470 2980 tatur,·
511 2930 615 2972 adeo
654 2935 701 2972 ut
731 2934 874 2985 possis
915 2934 1124 2985 conicere,
1165 2934 1374 2977 consulem
1410 2934 1515 2977 anni
1543 2937 1596 2977 66
1626 2934 1836 2977 diversum
1864 2933 1997 2988 fuisse
2026 2948 2055 2976 a

332 2996 467 3051 leyato
496 2997 766 3050 Britanniae,
799 3001 958 3043 scilicet
987 3002 1125 3056 filium
1156 3003 1275 3057 eius).
1332 3002 1386 3045 A.
1417 3003 1472 3045 69
1504 3001 1615 3044 bello
1651 3002 1768 3044 civili
1799 3002 1891 3045 dux
1920 3001 2054 3046 Otho·
2139 2968 2196 3007 4:⁷3³

331 3065 556 3107 nianorum
593 3066 689 3108 Tac.
721 3067 759 3110 h.
792 3072 829 3118 1,
861 3071 928 3113 87.
959 3072 1022 3112 90.
1063 3074 1107 3120 ,2,
1139 3074 1304 3114 23-26.
1333 3073 1405 3114 32.
1436 3074 1506 3113 33.
1538 3074 1604 3113 37.
1634 3073 1703 3114 39.
1732 3073 1797 3113 40.
1826 3073 1893 3122 44,
1934 3069 2054 3114 Plut.

335 3131 428 3175 Oth.
459 3135 496 3174 5.
530 3136 566 3174 7.
597 3135 635 3175 8.
668 3137 733 3177 11.
765 3138 830 3179 13.
876 3136 1100 3189 Quomodo
1123 3139 1241 3194 apud
1262 3138 1486 3181 Vitellium
1517 3154 1562 3181 se
1593 3140 1866 3181 excusaverit
1891 3138 1990 3182 Tac.
2011 3138 2054 3183 h.

331 3203 374 3249 2,
406 3203 471 3242 60.
513 3225 568 3230 —
602 3200 751 3243 ‘Nemo
795 3202 868 3244 illa
907 3211 1159 3260 tempestato
1197 3206 1396 3250 militaris
1440 3208 1503 3249 rei
1549 3206 1746 3250 callidior
1789 3206 2048 3250 habebatur‘

338 3268 434 3309 Tac.
466 3268 505 3310 h.
537 3273 579 3319 2,
611 3273 665 3311 31
696 3271 750 3323 cf.
780 3273 847 3321 37,
881 3286 977 3314 ann.
1010 3277 1074 3324 14,
1107 3278 1176 3319 29.

247 3335 329 3377 695
362 3335 410 3378 O.
436 3336 666 3379 Suetonius
689 3339 968 3395 Tranquillus
1001 3342 1106 3393 (tria
1135 3344 1309 3386 nomina
1341 3347 1485 3387 extant
1513 3345 1559 3386 in
1592 3344 1804 3387 codicibus
1824 3342 2055 3386 Caesarum
