2242 3672
329 277 526 314 TRYPHO
1187 260 1270 305 838
1315 273 1318 275 ’
1920 263 2133 302 TVLLIVS

339 342 430 349 1-—

417 408 602 450 divcrsus
622 419 649 447 a
661 404 935 459 praeceptore
952 398 1170 443 Scribonii
1189 397 1329 452 Larqi
1348 396 1528 453 Trypho
1548 395 1755 451 medicus,
1777 410 1906 453 quem
1925 401 2136 438 memorat

414 474 669 518 Plutarchus
688 473 844 526 quaest.
867 482 980 511 conv.
1001 471 1040 518 3,
1063 470 1101 508 1.
1122 469 1161 517 3,
1183 470 1227 510 2.
1247 468 1287 517 5,
1309 468 1348 508 8.
1371 469 1410 517 9,
1427 469 1482 508 14
1502 465 1567 521 (p.
1582 466 1699 508 646⁴4.
1721 465 1838 508 648⁸.
1861 461 1978 509 6830.
2001 463 2133 519 7440.

330 545 413 587 265
445 541 636 598 TryphO,
668 537 903 594 bibliopola
929 535 1104 590 Quintil.
1127 535 1225 579 inst.
1248 535 1420 589 praef.,·
1451 534 1652 577 Martial.
1675 538 1714 585 4,
1739 536 1808 584 72,
1831 537 1874 577 2.
1905 536 1969 584 13,
1993 535 2035 584 3,
2054 535 2094 576 4.

341 637 400 642 —
443 610 579 653 Iulius
610 606 802 664 Trypho.
1397 598 1403 605 ’

341 705 399 710 -
443 678 650 721 Claudius
680 674 1004 732 Tryphoninus.

340 773 397 778 —
442 754 484 798 Q.
515 751 698 788 AELIVS
730 749 944 787 TVBERO.

340 841 397 847 -—
438 822 483 858 L.
514 820 654 857 SEIVS
687 817 900 856 TVBERO.

339 909 397 914 --
440 888 649 925 PLOTIVS
680 887 859 924 TVOCA.

341 977 397 982 —
444 951 723 1007 Sempronius
754 949 914 991 Tucca.

327 1022 409 1063 266
440 1025 644 1061 TVCOIVS
667 1023 898 1059 CERIALIS
915 1015 1008 1071 (sic
1035 1028 1146 1057 unus
1176 1018 1284 1057 certe
1304 1029 1354 1057 ex
1375 1013 1687 1068 antiquioribus
1708 1013 1933 1065 codicibus,
1955 1013 2149 1061 Tuetius>
2186 1032 2188 1034 ·
2216 1038 2218 1040 ν

414 1087 616 1137 Cerealis,
646 1086 832 1128 Ductius
865 1083 1046 1127 Cerialis
1077 1082 1183 1138 alii),
1217 1083 1454 1125 consularis
1485 1081 1648 1138 (consul
1676 1080 1775 1134 suff.
1805 1081 2061 1137 temporibus
2087 1084 2138 1125 ut

411 1156 575 1198 videtur
597 1153 886 1208 Flauiorum),
919 1154 1175 1194 sententiam
1206 1152 1291 1194 fert
1320 1152 1365 1194 in
1396 1157 1548 1193 senatu
1578 1167 1616 1194 a.
1638 1151 1694 1193 99
1720 1149 1836 1193 Plin.
1859 1165 1922 1206 cp.
1941 1154 1986 1202 2,
2007 1153 2072 1202 11,
2095 1152 2136 1194 9.

327 1225 409 1268 267
441 1225 491 1266 L.
526 1225 713 1266 Tuccius
755 1221 1003 1274 Secundus,
1046 1222 1096 1263 L.
1136 1220 1188 1272 f.‚
1225 1220 1341 1263 tribu
1383 1220 1529 1274 Pom.3
1569 1234 1711 1262 comes
1751 1219 1812 1261 M.
1842 1218 2008 1262 Valerii
2037 1218 2136 1262 Itali

411 1293 542 1348 legati
581 1291 766 1347 Augusti
808 1291 948 1348 (prov.
989 1289 1188 1334 Galatiae
1198 1290 1238 1345 1³)
1279 1292 1307 1334 t.
1347 1288 1605 1344 Ancyranus
1644 1288 1734 1331 III
1753 1289 1846 1331 253
1879 1287 1934 1342 cf.
1965 1287 2056 1332 III
2086 1286 2136 1332 8.

339 1376 480 1471 ——PC
486 1364 711 1471 IZZssNIVS
744 1433 1075 1470 TVCVRIANVS.

327 1499 410 1541 268
440 1505 484 1540 L.
526 1503 788 1540 TVLCIDIVS
801 1495 859 1551 (?)
898 1501 1152 1538 PERENNIS
1199 1494 1277 1550 (sic
1322 1494 1431 1537 alter
1477 1507 1527 1536 ex
1572 1492 1924 1548 descriptoribus,
1964 1492 2138 1538 Cestius
2203 1477 2242 1542 3⁰:

413 1566 592 1609 Acidius
623 1566 833 1623 Perennis
863 1564 1000 1620 alter),
1041 1563 1210 1619 legatus
1249 1562 1362 1618 Aug
1390 1577 1469 1618 pro
1500 1577 1566 1618 pr.
1602 1562 1854 1618 provinciae
1883 1550 2141 1607 Lusitaniae
2203 1559 2239 1595 7⁵

415 1639 442 1679 t.
456 1650 593 1691 prope
617 1618 875 1689 Olisiponem
893 1647 980 1688 rep.
997 1633 1059 1676 II
1070 1635 1157 1676 258
1172 1647 1219 1687 p.
1238 1635 1333 1676 693.
1363 1631 1569 1674 Fortasse
1589 1630 1699 1674 alter
1718 1645 1769 1674 ecc
1787 1630 1891 1686 filiis
1911 1630 2137 1687 (Tiyidiiff

413 1704 619 1747 Perennis
639 1703 856 1758 praefecti
874 1705 1015 1757 praet.
1045 1700 1272 1752 Commodi,
1305 1700 1360 1754 cf.
1391 1713 1526 1755 supra
1554 1700 1631 1742 sub
1665 1699 1834 1754 Tiyidio
1861 1699 2067 1745 Perenne.

328 1773 411 1815 269
441 1772 692 1815 Tuilianus.
732 1771 991 1827 rescriptum
1031 1770 1301 1826 imperatoris
1332 1768 1542 1811 Antonini
1573 1767 1628 1810 ad
1659 1782 1758 1810 eum
1788 1769 1894 1811 citat
1923 1765 2141 1825 Uhn'amoe

415 1842 523 1883 libro
553 1840 726 1895 septimo
759 1839 916 1882 decimo
948 1838 1007 1881 ad
1035 1838 1214 1881 edictum
1245 1837 1364 1893 (Diq.
1386 1840 1426 1888 8,
1446 1840 1484 1888 4,
1506 1839 1568 1892 2).

332 1910 414 1952 270
446 1909 614 1966 Tullius
642 1908 826 1950 Balbus·
868 1909 1127 1964 rescriptum
1166 1906 1259 1949 divi
1290 1907 1358 1949 Pii
1390 1906 1444 1948 ad
1476 1920 1573 1948 eum
1604 1906 1709 1948 citat
1741 1905 1999 1949 Marcianus
2027 1905 2139 1949 libro
2188 1917 2207 1971 ,ᾗ

414 1981 563 2033 quarto
592 1976 836 2031 reyularum
865 1975 983 2032 (Diy.
1006 1978 1080 2026 22,
1103 1978 1141 2026 1,
1162 1977 1250 2032 32).

329 2047 434 2089 270.
465 2045 633 2087 Tunius
664 2045 836 2099 Bassus,
869 2044 1063 2087 medicus
1095 2042 1264 2087 caelius
1283 2041 1432 2085 Aura.
1464 2044 1574 2084 aeut.
1597 2042 1686 2084 III
1706 2044 1774 2084 16
1832 2041 1974 2085 Iulius
1991 2041 2141 2098 potus

414 2129 539 2168 quam
568 2114 754 2165 Tullius;
783 2114 836 2168 cf.
869 2113 1107 2158 Wellmann
1137 2112 1282 2155 Herm.
1305 2115 1375 2162 24,
1396 2113 1489 2153 546.

331 2184 409 2225 271
445 2189 486 2225 e.
518 2189 730 2224 TVLLIVS
764 2187 941 2224 CAPITo
972 2187 1327 2223 POMPONIANVS
1366 2185 1575 2221 PLOT1Vs
1618 2185 1808 2221 FIRMVS
1849 2178 2000 2222 consul
2039 2178 2137 2222 suff.

414 2266 558 2293 mense
582 2251 698 2306 Sept.
719 2266 756 2294 a.
774 2251 830 2293 84
856 2264 954 2292 cum
976 2249 1025 2294 C.
1049 2248 1253 2292 Cornelio
1275 2247 1501 2291 Gallicano
1525 2247 1627 2302 dipl.
1649 2247 1738 2290 mil.
1757 2247 1865 2303 (III
1874 2247 1921 2292 S.
1934 2261 1984 2302 p.
1998 2245 2137 2302 1965).

330 2321 413 2363 272
444 2327 496 2362 M.
536 2325 747 2362 TVLLIVS
795 2325 975 2361 CICERO
1021 2318 1192 2373 (Cicero
1232 2317 1420 2372 passim,
1467 2316 1527 2358 M.
1569 2315 1738 2358 Tullius
1777 2316 1886 2370 fasti
1906 2314 2137 2371 -Venusini,

417 2422 426 2431 .
445 2422 454 2431 .
478 2387 679 2443 [T]ullius
701 2387 853 2430 Cicero
874 2387 1139 2429 Amiternini
1147 2400 1160 2438 ;
1189 2386 1249 2429 M.
1271 2385 1440 2428 Tullius
1460 2384 1576 2427 filius
1597 2383 1820 2427 Ciceronis
1842 2383 2005 2429 Seneca
2021 2396 2139 2428 suae.

418 2461 455 2507 7,
487 2458 571 2510 13).
635 2455 766 2498 Falsi
796 2456 912 2498 tituli
939 2455 1036 2498 huic
1067 2470 1095 2497 a
1121 2454 1296 2498 Grossio
1327 2453 1490 2504 tributi,
1521 2453 1571 2495 X
1599 2452 1726 2496 702*.
1758 2451 1882 2497 704*.
1905 2455 1985 2496 705
1996 2451 2036 2504 *,
2065 2465 2140 2508 qm

415 2525 559 2567 multis
577 2522 727 2579 fraudi
744 2524 875 2578 fuere.
907 2523 976 2566 De
992 2538 1158 2566 nummo
1174 2523 1356 2577 quodam
1373 2522 1626 2577 Maynetum
1643 2521 1702 2564 ad
1717 2521 1913 2576 Sipylum
1932 2521 1987 2576 cf.
2003 2521 2141 2576 infra.
2163 2515 2223 2558 ³?

503 2592 722 2635 Ciceronis
757 2607 814 2634 ex
848 2593 1053 2635 Terentia
1086 2592 1222 2647 filius,
1271 2597 1399 2633 natus
1432 2591 1485 2633 L.
1521 2589 1632 2632 Iulio
1669 2589 1855 2633 Caesare
1889 2588 1940 2633 C.
1973 2588 2141 2632 Marcio

418 2659 573 2714 Figulo
606 2660 854 2702 consulibus
878 2659 962 2703 OEc.
986 2660 1044 2703 ad
1067 2660 1159 2702 Att.
1181 2663 1219 2710 1,
1241 2663 1274 2703 2
1303 2658 1508 2712 (consules
1537 2661 1636 2700 sunt
1666 2658 1771 2700 anni
1797 2671 1840 2701 u.
1871 2671 1905 2700 e.
1936 2659 2039 2709 690,·
2066 2654 2143 2700 scd

416 2727 603 2782 intelleyi
631 2728 816 2771 consules
847 2729 1099 2783 desiynatos,
1129 2728 1450 2783 Ciceronemque
1474 2730 1624 2769 natum
1654 2739 1740 2769 esse
1774 2740 1815 2769 a.
1835 2727 1918 2768 689
1946 2726 2143 2768 statuunt

419 2795 515 2838 inde
537 2810 564 2837 a
584 2795 727 2846 Bosio,
751 2793 980 2851 propterea
1003 2797 1114 2851 quod
1138 2811 1270 2840 causa
1296 2796 1523 2846 Catilinae,
1555 2809 1682 2850 quam
1701 2797 1907 2838 memorat
1931 2793 2018 2838 Cic.
2038 2792 2066 2838 l.
2088 2805 2139 2845 c.,

421 2867 518 2906 acta
557 2877 641 2905 esse
680 2864 842 2906 videtur
885 2879 996 2907 anno
1027 2868 1120 2916 689,
1163 2868 1202 2908 et
1241 2865 1352 2920 quod
1390 2878 1502 2907 anno
1531 2867 1610 2906 690
1639 2863 1810 2906 Atticus
1839 2863 1928 2905 iam
1956 2861 2141 2905 Romam
2158 2884 2159 2887 ¹

420 2931 594 2974 rediisse
613 2931 787 2986 videtur,
811 2933 865 2985 cf.
891 2933 997 2987 Nep.
1020 2933 1152 2976 Attio.
1173 2937 1230 2990 4).
1283 2932 1497 2976 Parvulus
1518 2937 1877 2974 commemoratur
1896 2946 1923 2973 a
1942 2936 2064 2987 patre
2092 2929 2143 2973 in

423 2999 514 3043 Cat.
533 3003 572 3050 4,
594 3002 636 3050 2,
658 3002 697 3041 3.
728 3003 767 3049 4,
790 3003 855 3049 11,
877 3003 936 3042 23
965 3005 1003 3042 et
1027 3002 1197 3056 saepius
1218 3003 1264 3044 in
1284 3001 1486 3056 epistulis.
1529 3000 1631 3043 Sors
1654 3001 1746 3042 eius
1770 2998 1953 3042 defletur
1971 3013 1998 3040 a
2016 3003 2153 3055 patre

422 3068 466 3109 in
487 3066 663 3109 exilium
686 3066 987 3122 proficiscente
1011 3069 1068 3111 ad
1087 3070 1192 3122 fam.
1209 3073 1274 3119 14,
1295 3072 1334 3119 1,
1357 3072 1383 3111 1
1405 3071 1478 3112 cet.
1511 3067 1563 3110 A.
1582 3067 1664 3110 703
1686 3073 1854 3123 patrem
1875 3066 1920 3108 in
1941 3065 2138 3109 Ciliciam

421 3136 649 3177 comitatur
672 3134 730 3176 ad
747 3134 838 3176 Au.
859 3138 897 3185 5,
920 3139 959 3186 9,
981 3139 1019 3178 3.
1072 3137 1181 3179 Cum
1204 3138 1410 3179 Deiotaro
1443 3137 1488 3178 in
1517 3149 1701 3191 regnum
1727 3136 1819 3178 eius
1845 3136 2000 3178 missus
2020 3134 2078 3177 ib.
2095 3134 2138 3184 5,
2174 3127 2237 3176 ἶ

421 3207 486 3253 17,
503 3206 553 3254 3;
574 3206 640 3254 18,
656 3207 706 3254 4,-
725 3206 796 3253 20,
815 3206 855 3244 9.
902 3202 952 3245 A.
977 3204 1059 3246 704
1082 3220 1179 3247 eum
1207 3212 1332 3261 patre
1357 3206 1402 3246 in
1423 3204 1594 3247 Italiam
1615 3203 1728 3246 redit
1746 3204 1804 3247 a.
1825 3206 1862 3254 6,
1887 3206 1924 3254 7,
1945 3205 2000 3255 2;
2024 3205 2068 3254 s,
2088 3194 2158 3254 5‚·‘
2175 3193 2222 3260 {²

423 3271 481 3312 ad
498 3272 602 3324 farn.
624 3274 688 3321 14,
704 3273 743 3321 5,
760 3274 814 3322 1‚·
835 3274 900 3321 16,
918 3275 943 3313 1
966 3271 1021 3313 al.
1071 3272 1121 3315 A.
1146 3274 1226 3316 705
1249 3279 1436 3315 exeunte
1456 3287 1603 3314 mense
1623 3272 1781 3315 Martio
1803 3277 1947 3326 togam
1968 3269 2140 3313 virilem
2171 3274 2223 3330 ἷ-

424 3339 606 3394 sumpsit
630 3337 785 3393 Arpini
809 3338 867 3379 ad
884 3338 974 3381 Att.
995 3343 1034 3390 9,
1057 3344 1094 3390 6,
1116 3344 1165 3392 1,·
1195 3344 1260 3392 17,
1283 3344 1333 3393 1,·
1362 3344 1428 3391 19,
1451 3344 1488 3383 1.
1536 3341 1636 3384 Una
1665 3354 1763 3382 cum
1793 3345 1916 3396 patre
1938 3338 1995 3381 ad
2015 3339 2139 3382 Pom·
