2242 3672
317 306 568 343 VALERIVS
1173 294 1258 337 356
1873 300 2127 340 VALERIVS

405 438 459 491 ef.
479 449 612 491 supra
632 434 706 476 sub
723 432 904 475 Claudio
918 430 1087 487 Attalo)
1109 436 1287 486 propter
1308 429 1569 473 maleficium
1586 430 1803 487 quoddam
1823 431 1869 472 in
1889 430 2130 474 classiarios

405 503 635 546 translatus
665 500 753 543 Dio
784 503 850 554 79,
889 502 929 542 3.
998 499 1152 554 Neque
1196 498 1501 554 procuratione
1544 513 1686 555 neque
1724 498 1999 555 praefectura
2042 498 2131 542 ulla

405 572 575 613 functus
618 576 709 611 erat
748 568 831 610 nisi
872 567 1054 622 legionis
1093 566 1183 609 Dio
1214 570 1278 617 79,
1305 570 1344 610 4.
1403 566 1456 609 A.
1489 567 1572 609 218
1613 567 1658 608 in
1698 566 1828 624 Syria
1867 568 2132 623 (praefeobus

403 639 576 693 Zeyiouis
604 638 799 691 fortasse,
832 636 885 690 cf.
916 634 1082 690 supra),
1121 635 1354 691 primarius
1393 641 1544 677 auctor
1574 636 1719 678 extitit
1748 642 1889 678 motus
1918 635 2128 692 militaris,

403 721 486 762 quo
518 707 680 747 deiecto
711 705 906 746 Macrino
948 704 1176 760 imperium
1216 702 1272 745 ad
1309 702 1599 758 Elagabalum
1636 703 1892 746 translatum
1933 710 2020 759 est;
2059 703 2132 747 hic

403 772 668 816 Soaemiadis
698 771 855 826 filium,
890 770 1118 814 Caracalla
1146 772 1342 825 genitum
1371 771 1597 827 dictitans,
1638 771 1693 814 ad
1733 771 1893 815 milites
1922 772 2133 830 produxit

401 841 488 883 Dio
519 844 582 895 78,
604 844 658 883 31
688 840 825 892 (loeus
852 839 1026 882 mutibus*
1056 839 1273 894 suppletus
1302 854 1353 882 eoe
1381 840 1513 895 Xiph.
1526 853 1540 892 ,⁴
1574 854 1625 883 ex
1653 840 1730 883 hoe
1759 841 1921 884 Zouar.
1942 845 2013 893 12,
2035 844 2132 899 13),·

403 910 457 963 ef.
488 909 576 951 Dio
598 912 661 959 78,
683 912 753 952 32.
774 911 840 951 39.
883 907 963 951 Ab
996 907 1235 963 Elagabalo
1266 909 1431 951 victore
1466 908 1711 965 praefectus
1740 910 1958 966 praetorio
1988 909 2131 954 factus

400 977 488 1020 Dio
520 981 583 1028 79,
613 980 640 1019 4
670 977 846 1031 (Zonar.
878 979 943 1027 13,
974 976 1069 1031 14),·
1099 977 1153 1030 ef.
1182 976 1342 1019 Herod.
1371 979 1411 1028 5,
1444 980 1482 1028 7,
1515 980 1552 1028 6,
1582 977 1654 1019 vit.
1677 977 1869 1033 Elayab.
1898 981 1969 1030 12,
2000 982 2027 1021 1
2056 979 2134 1022 ubi

399 1060 548 1088 nomen
586 1059 671 1087 riou
701 1045 895 1099 ponitur,
915 1034 1011 1087 *sed
1048 1044 1118 1087 hie
1146 1045 1311 1087 videtur
1339 1045 1582 1100 siquifieari
1609 1045 1762 1088 histrio
1796 1047 1850 1089 ab
1880 1045 2132 1102 Elagabalo

397 1115 645 1170 praefectus
665 1114 888 1168 praetorio
918 1114 1072 1167 faetus,
1115 1113 1392 1156 Ornamentis
1414 1113 1715 1156 consularibus
1736 1121 1914 1158 ornatus
1934 1114 2024 1159 Dio
2045 1115 2073 1159 l.
2095 1129 2130 1159 c.

401 1182 562 1226 Consul
592 1182 681 1224 Dio
712 1182 739 1224 l.
772 1196 821 1233 e.,
861 1181 1029 1237 (consul
1062 1182 1106 1224 11
1141 1182 1210 1225 VI
1229 1185 1325 1225 866.
1355 1182 1483 1225 XIV
1503 1185 1619 1226 2809
1648 1186 1829 1238 propter
1868 1187 2130 1236 ornamenta,

401 1251 663 1305 consularia)
687 1250 777 1295 ord.
800 1265 838 1294 a.
860 1251 945 1293 220
975 1265 1075 1292 cum
1103 1250 1164 1293 M.
1185 1250 1365 1293 Aurelio
1384 1251 1606 1294 Antonino
1628 1251 1742 1306 Aug.
1765 1251 2040 1307 (Elagabalo)
2063 1252 2133 1298 111

400 1321 518 1374 fasti.
556 1319 808 1361 Praefectus
830 1319 940 1374 urbi,
964 1313 1045 1361 nec
1066 1319 1199 1361 semel
1220 1325 1389 1362 tantum
1411 1319 1486 1362 sed
1507 1320 1573 1362 bis
1595 1335 1646 1362 ac
1667 1321 1807 1371 tertio,
1829 1320 1943 1377 quod
1965 1322 2131 1364 nemini

400 1388 471 1430 alii
503 1394 707 1430 evenerat
737 1387 824 1430 Dio
846 1391 911 1439 79,
932 1391 960 1430 4
990 1386 1096 1440 (eod.
1129 1387 1248 1440 Vat.,·
1277 1387 1542 1442 Xiphiliuus,
1574 1403 1624 1431 ex
1652 1402 1734 1443 quo
1755 1389 1966 1441 Zonaras,
1997 1389 2133 1433 locum

397 1457 586 1510 eorrupit
609 1457 772 1498 omissis
791 1457 930 1498 verbis
950 1459 1016 1500 καὶ
1040 1458 1364 1513 ἐπολιοίρχησεν),
1392 1457 1635 1513 praefectus
1666 1457 1764 1500 urbi
1797 1459 1970 1515 saepius
1991 1458 2132 1502 factus

401 1526 445 1566 in
476 1525 618 1567 locum
648 1525 842 1580 aliorum,
876 1532 1093 1582 postremo
1119 1541 1158 1568 a.
1180 1528 1277 1581 222,
1306 1527 1446 1568 occiso
1471 1525 1721 1581 Elagabalo,
1754 1526 1964 1569 inlocum
1982 1526 2132 1570 Fulvii

400 1593 488 1635 Dio
517 1594 687 1651 (Xipk.)
718 1597 782 1644 79,
815 1598 885 1637 21.
921 1621 972 1625 -
1002 1593 1127 1636 Filia
1147 1597 1257 1648 puto
1287 1595 1399 1636 eius:
1428 1594 1585 1636 Publia
1605 1594 1783 1637 Valeria
1815 1594 2017 1638 Comasia
2045 1595 2131 1638 cla-

402 1662 571 1703 rissima
600 1661 761 1704 femina
791 1662 864 1717 (ef.
897 1662 1057 1717 infra);
1088 1677 1139 1704 ex
1159 1663 1347 1717 posteris
1376 1663 1466 1705 eius
1495 1662 1699 1706 Valerius
1730 1662 2003 1719 Coma[z]on,
2035 1678 2132 1706 con-

401 1730 556 1772 sularis
587 1730 758 1772 aedium
791 1745 1012 1772 sacrarum
1052 1746 1090 1773 a.
1122 1731 1205 1773 299
1237 1734 1264 1773 t.
1294 1731 1486 1773 urbanus
1515 1730 1631 1774 OIG.
1664 1735 1774 1775 6002
1802 1752 1859 1767 =
1885 1732 2023 1777 Inscr.
2051 1732 2130 1776 Gr.

402 1799 522 1842 Sieil.
554 1799 657 1841 Ital.
689 1802 812 1842 1026.
1786 1810 1790 1814 ’

315 1867 370 1908 43
400 1866 604 1910 Valerius
635 1867 829 1920 Cordus,
873 1883 969 1910 eum
1002 1867 1188 1910 Severus
1218 1867 1472 1910 Alexander
1513 1869 1555 1910 in
1587 1870 1728 1925 prima
1755 1869 1943 1925 pueritia
1970 1869 2131 1914 littera-

403 1942 540 1978 torem
571 1936 723 1978 habuit
750 1936 823 1979 va.
851 1936 976 1978 Alex.
1007 1939 1047 1986 3,
1079 1939 1121 1980 2.

315 2004 371 2045 44
400 2005 693 2058 VALOERIVS)
727 2011 984 2046 GRESCENS
1021 2011 1051 2045 F
1054 2011 1305 2047 VLVIANVS
1346 2004 1514 2059 legatus
1556 2020 1633 2061 pro
1674 2021 1738 2062 pr.
1780 2006 2034 2050 Britanniae
2063 2007 2132 2051 HI

402 2088 442 2128 p.
475 2072 576 2118 Chr.
610 2088 721 2116 saec.
762 2074 985 2129 (fortasse,
1026 2076 1074 2115 ut
1103 2077 1236 2128 putat
1270 2074 1485 2126 Huebuer‚
1524 2075 1759 2129 imperante
1799 2074 2032 2118 Caracalla
2068 2074 2133 2118 vel

399 2141 660 2193 Alexandro,
690 2156 793 2184 riam
811 2142 978 2184 videtur
998 2143 1043 2184 iu
1064 2145 1092 2184 t.
1113 2156 1327 2197 superesse
1345 2143 1502 2185 mentio
1520 2144 1674 2186 matris
1688 2144 1892 2200 Auyusti)
1915 2143 2013 2187 VII
2022 2146 2129 2189 222.

315 2210 370 2252 45
402 2210 602 2253 Valerius
634 2211 1019 2266 Crescentiamus),
1053 2226 1184 2267 eques
1205 2211 1425 2253 Romanus
1446 2226 1559 2268 equo
1590 2212 1779 2268 publico,
1810 2212 1946 2255 frater
1966 2212 2131 2256 Valerii

401 2279 588 2320 Materni
620 2279 848 2321 clarissimi
880 2281 1051 2322 iuvenis
1083 2279 1125 2322 V
1145 2282 1268 2323 5729.

317 2348 372 2390 46
402 2347 604 2390 Valerius
635 2348 776 2390 Datus
807 2346 1049 2403 (coynomeu
1076 2348 1211 2390 solum
1232 2349 1360 2403 pouit
1383 2348 1502 2403 Dio),
1534 2349 1776 2405 praefectus
1797 2348 1990 2406 Aegypti
2018 2362 2133 2391 anno

402 2416 541 2459 215s6.
573 2416 699 2458 216s7
722 2417 888 2470 papyri
914 2430 1026 2459 nuuc
1045 2416 1354 2467 Beroliueuses,
1386 2416 1487 2460 Urk.
1520 2430 1598 2459 aus
1627 2417 1667 2459 d.
1689 2417 1728 2460 k.
1751 2417 1869 2460 Mus.
1889 2431 1942 2461 zu
1961 2415 2130 2468 Berlin,

403 2484 437 2525 I
457 2497 498 2525 u.
521 2486 612 2526 159.
643 2487 739 2535 266,
771 2485 833 2526 ΙΙ
854 2498 895 2526 n.
918 2487 1010 2526 614.
1066 2484 1332 2526 Interficitur
1361 2500 1387 2526 a
1416 2485 1611 2527 Macrino
1641 2484 1730 2527 Dio
1761 2487 1826 2536 78,
1858 2487 1924 2529 15.

317 2552 370 2593 47
404 2551 451 2594 C.
480 2551 683 2594 Valerius
712 2552 973 2608 Dionysius,
1006 2552 1173 2595 Valerii
1203 2552 1377 2595 Paulini
1413 2552 1617 2595 libertus:
1661 2555 1699 2595 ei
1740 2554 1806 2595 ius
1837 2553 2075 2606 Quiritium
2104 2568 2132 2596 a

403 2620 590 2661 Traiano
620 2621 822 2676 impetrat
853 2620 1020 2663 Plinius
1053 2620 1170 2664 Plin.
1202 2635 1264 2675 ep.
1297 2621 1357 2663 ad
1389 2621 1507 2664 Trai.
1539 2625 1634 2664 104.
1664 2624 1760 2666 105.

318 2689 373 2730 48
402 2695 454 2731 M.
471 2695 722 2731 VALERIVS
744 2696 1013 2732 ETRvscvs.
1049 2689 1182 2732 Taua
1201 2690 1528 2732 Lambaesaam·
1551 2690 1795 2734 VIII2543
1814 2693 1887 2747 (1).
1918 2692 2032 2734 2613
2051 2689 2130 2746 (2).

401 2759 517 2799 2728
547 2758 617 2811 (3),
655 2757 1025 2812 Thamuyadeuses
1055 2758 1179 2801 VIII
1194 2758 1239 2802 S.
1261 2761 1396 2801 17854
1417 2762 1489 2815 (4).
1521 2760 1655 2802 17855
1675 2759 1761 2814 (5);
1788 2760 1882 2802 viae
1911 2758 2132 2802 cuiusdam

405 2824 670 2875 Numidicae,
701 2826 813 2879 Eph.
836 2841 897 2880 ep.
922 2830 959 2876 7,
982 2828 1061 2869 645
1082 2827 1154 2882 (6).
1178 2852 1230 2857 —
1257 2827 1363 2869 Tria
1382 2828 1556 2870 uomina
1578 2831 1723 2870 extant
1743 2831 1771 2870 t.
1793 2831 1833 2870 1.
1854 2830 1893 2870 5.
1939 2827 2131 2882 Legatus
2180 2866 2182 2869 .
2205 2831 2219 2877 ³1}

404 2907 482 2948 pro
512 2908 575 2948 pr.
605 2893 841 2946 (exercitus
872 2894 1086 2950 Africani)
1117 2898 1146 2937 t.
1167 2898 1268 2946 1—6,
1300 2910 1339 2939 a.
1365 2897 1444 2938 152
1476 2899 1503 2937 t.
1526 2899 1565 2938 1.
1586 2899 1625 2938 4.

318 2960 373 3001 49
403 2966 652 3002 VALERIVS
694 2968 944 3004 FABIANVS
987 2964 1279 3019 ‘capessendis
1329 2963 1564 3006 honoribus
1616 2963 1887 3019 destinatus',
1938 2963 2130 3006 Domitio
2200 2944 2220 3014 ''³‘'

402 3027 541 3070 Balbo
570 3030 807 3085 praetorio,
850 3032 1094 3087 propinquo
1126 3047 1224 3087 suo,
1265 3038 1570 3075 testamentum
1602 3032 1818 3086 subdidit3
1859 3031 1976 3089 quod
2010 3029 2130 3088 apud

404 3102 545 3151 patres
586 3098 856 3153 convictum·
895 3099 1116 3142 Fabianus
1156 3100 1252 3155 lege
1282 3099 1486 3142 Cornelia
1515 3100 1756 3156 damnatus,
1797 3115 1837 3144 a.
1867 3101 1920 3143 61
1957 3099 2057 3143 Tac.
2089 3113 2128 3142 a.

403 3167 468 3213 14,
498 3168 563 3206 40.

320 3231 374 3271 50
404 3238 650 3274 VALERIVS
690 3240 875 3275 FESTVS
918 3234 1086 3289 legatus
1126 3237 1377 3292 provinciae
1411 3236 1587 3280 Africae
1627 3236 1883 3294 proconsule
1926 3235 2127 3280 Cornelio

404 3298 621 3353 Anullin0‚
652 3316 689 3342 a
725 3301 803 3343 193
836 3301 958 3344 VIII
979 3307 1102 3348 1170.

319 3390 376 3395 —
406 3373 446 3409 C.
479 3373 800 3411 CALPETANVS
832 3375 1048 3412 RANTIVS
1081 3378 1370 3422 QVIRINALIS
1402 3380 1651 3417 VALERIVS
1682 3380 1887 3419 FESTVS.

2228 2370 2242 2430 ,ἐ
