2242 3672
284 288 537 326 SEVERINA
1139 275 1222 316 232
1861 273 2084 312 SEVERVS

364 421 515 464 mulier
552 417 706 461 nobilis
744 415 969 464 Romana‚·
1011 412 1150 453 minus
1189 413 1299 452 recte
1338 408 1608 463 imperatoris
1648 406 1829 449 alicuius
1870 407 2087 460 coniuyem

365 503 456 533 eam
486 488 615 541 fuisse
646 484 906 526 coniecerunt
934 479 1139 528 nonnulli,
1172 479 1323 532 quippe
1348 479 1576 519 statuentes
1604 475 1759 518 librum
1779 474 1900 517 illum
1922 474 2086 529 Hippo-

367 559 445 612 lyti
474 570 558 598 non
589 554 793 595 diversum
823 550 954 604 fuisse
985 549 1038 590 ab
1071 547 1252 602 epistula
1278 560 1404 600 quam
1433 545 1543 587 idem
1573 544 1732 586 dedisse
1762 546 1972 586 narratur
1989 545 2088 601 πρὸς

367 626 545 683 βασιλίδα
575 624 657 665 τινά
688 618 993 675 (Theodoretus
1023 616 1126 660 dial.
1158 615 1256 666 III,
1291 629 1359 669 ap.
1388 614 1536 668 Miyne
1566 612 1688 655 Patr.
1723 612 1800 655 Gr.
1823 611 2089 655 LXXXIII

363 709 409 748 p.
425 691 550 745 284);
572 690 623 744 cf.
638 691 739 744 post
766 687 875 729 alios
904 685 1114 728 Harnack
1145 684 1171 726 l.
1204 698 1236 726 c.
1260 698 1308 737 p.
1329 685 1422 726 609.
1454 685 1552 725 621.

296 787 349 791 --
395 766 581 802 ΟΑΜΡΙΑ
613 761 880 799 SEVERINA.

294 855 350 859 —
397 826 600 870 Cornelia
631 825 850 868 Severina.

295 923 351 928 -—
393 903 543 939 VLPIA
574 899 827 936 SEVERINA
857 896 1098 933 AVGVSTA.

280 967 362 1009 443
395 965 506 1008 *Or.
526 999 534 1006 .
552 998 561 1006 .
581 997 590 1007 .
623 963 869 1016 Severinus‚
901 959 1144 1017 praefectus
1181 959 1362 1001 fortasse
1393 957 1577 1013 vigilum
1608 955 1672 1009 (ut
1706 956 1882 999 coniecit
1909 953 2089 998 IIirsch-

365 1034 454 1088 feld
482 1033 611 1076 Verw.
634 1047 682 1087 p.
707 1033 809 1081 148,
842 1034 1096 1084 quamquam
1123 1029 1170 1070 in
1200 1027 1374 1081 reliquis
1404 1027 1541 1069 titulis
1568 1026 1743 1080 viyilum
1771 1025 1895 1067 huius
1922 1023 2089 1078 yeneris

359 1102 574 1156 praefecti
599 1114 685 1143 non
714 1096 1006 1152 nominantur)
1037 1112 1074 1139 a.
1107 1097 1190 1139 225
1219 1095 1287 1138 VI
1308 1099 1430 1138 3001.

293 1195 350 1201 —
395 1171 441 1212 P.
470 1169 622 1213 Aelius
653 1168 899 1211 severinus.

293 1264 350 1270 —
393 1239 446 1292 Q.
477 1238 612 1281 Iulius
642 1237 887 1280 Severinus.

292 1333 350 1338 —
392 1314 437 1350 L.
460 1312 695 1349 MVMMIVS
716 1310 873 1346 NIGER
896 1309 1109 1355 QVINTVS
1132 1308 1382 1344 VALERIVS
1401 1307 1631 1343 VEGETVS
1663 1305 1941 1342 SEVERINVS
1973 1305 2089 1341 CAV·

367 1382 527 1418 CIDIVS
558 1380 863 1416 TERTVLLVS.

279 1446 364 1488 444
395 1450 617 1487 SEVERVS
650 1442 818 1497 (Catius
849 1442 1036 1485 Severus
1066 1443 1186 1495 puto,
1231 1443 1306 1482 aut
1330 1438 1461 1483 Silius
1495 1437 1713 1493 Severus),
1749 1437 1817 1481 Ti.
1850 1435 1964 1480 Catii
1995 1434 2090 1478 Silii

365 1513 505 1556 Italici
526 1512 639 1554 filius
659 1513 809 1566 minor,
831 1511 1060 1552 immature
1081 1508 1311 1551 defunctus
1334 1507 1535 1550 Martial.
1557 1510 1596 1558 9,
1617 1509 1672 1549 86
1683 1520 1696 1559 ;
1716 1505 1834 1548 Plin.
1855 1519 1918 1560 ep.
1937 1507 1977 1556 3,
1999 1507 2038 1555 7,
2059 1507 2092 1548 2

366 1583 455 1637 (qui
481 1595 631 1624 nomen
649 1594 734 1624 non
754 1579 911 1635 ponit).

283 1663 365 1705 445
397 1668 633 1716 SEVERVS,
676 1660 933 1715 consularis,
966 1658 1185 1717 pontifex3
1215 1664 1339 1715 pater
1368 1656 1578 1701 Ummidii
1609 1654 1844 1709 Quadrati3
1875 1659 2017 1696 statua
2047 1657 2090 1695 et

367 1732 555 1773 carmine
584 1729 817 1772 honoratus
848 1728 903 1771 ab
924 1728 1149 1771 Hadriano
1181 1728 1226 1769 in
1256 1726 1416 1783 templo
1446 1726 1616 1769 Dianae
1647 1724 1807 1781 Ephesi
1836 1721 1999 1766 Kaibel
2027 1735 2090 1776 ep.

371 1799 522 1843 Graec.
544 1812 585 1841 n.
598 1800 710 1840 888α
722 1813 768 1853 p.
780 1800 861 1840 536
883 1818 937 1832 Ξ
955 1796 1093 1840 Greek
1112 1797 1239 1839 inser.
1260 1796 1307 1838 in
1327 1795 1394 1837 the
1414 1794 1528 1837 Brit.
1553 1793 1752 1836 Museum
1774 1805 1817 1836 n.
1834 1789 2094 1835 DXXXIX

367 1867 461 1924 (vol.
482 1867 571 1910 III
583 1881 631 1921 p.
654 1869 768 1923 188).
826 1866 935 1908 Esse
964 1867 1015 1910 L.
1045 1865 1249 1908 Catilium
1279 1864 1500 1914 Severum,
1543 1863 1616 1917 qui
1650 1861 1794 1904 consul
1822 1861 1909 1915 fuit
1935 1861 2090 1903 iterum

367 1951 406 1981 a.
435 1939 533 1986 120,
567 1936 741 1978 coniecit
767 1935 1004 1977 Mommsen
1034 1949 1103 1989 ap.
1138 1933 1300 1976 Kaibel
1329 1932 1357 1975 l.
1389 1946 1421 1975 c.

281 2017 364 2059 446
395 2021 618 2058 SEVERVS
639 2014 873 2071 proconsul
889 2015 1020 2057 Asiae
1041 2007 1254 2057 Aristides
1272 2027 1332 2055 or.
1348 2011 1519 2056 XXVI
1531 2011 1624 2067 (vol.
1642 2011 1676 2053 I
1678 2025 1725 2065 p.
1740 2012 1828 2053 523
1848 2009 1909 2052 ed.
1924 2007 2090 2063 Dina),

365 2086 624 2141 imperatore
654 2085 831 2140 eiusque
862 2083 951 2126 filio
982 2077 1193 2126 summam
1224 2083 1452 2124 stationem
1473 2079 1722 2135 regentibus
1744 2080 1790 2133 (i.
1812 2093 1848 2123 e.
1868 2077 2091 2133 Antonino

367 2154 444 2195 Pio
475 2154 752 2208 imperatore,
791 2152 852 2198 M.
882 2152 1062 2195 Aurelio
1094 2150 1298 2204 Caesare)
1328 2151 1385 2195 ib.
1408 2164 1456 2205 p.
1477 2152 1574 2204 524,
1606 2163 1706 2190 cum
1735 2146 1949 2190 Aristides
1980 2152 2094 2189 esset

365 2236 577 2264 annorum
621 2221 801 2264 XXXV
839 2224 954 2264 vetus
996 2220 1184 2263 scholion
1225 2220 1284 2262 ad
1325 2218 1540 2262 Aristides
1586 2232 1645 2260 or.
1684 2217 1746 2260 II
1778 2216 1857 2272 (ed.
1898 2214 2094 2270 Dindorf

365 2290 443 2332 vol.
476 2290 509 2332 I
523 2305 570 2344 p.
593 2293 650 2333 12
679 2293 786 2340 not„
821 2290 875 2343 cf.
907 2290 962 2332 B.
995 2289 1099 2332 Keil
1126 2289 1273 2332 Herm.
1305 2291 1363 2332 25
1393 2286 1584 2342 p.315);
1622 2300 1844 2328 successor
1883 2283 2091 2327 Pollionis

367 2358 430 2413 (T.
462 2357 689 2412 Pomponii
717 2358 895 2400 Proculi
933 2358 1112 2401 Vitrasii
1142 2356 1369 2412 Pollionis)
1400 2357 1457 2399 ib.
1480 2370 1530 2411 p.
1551 2357 1658 2406 529,·
1694 2360 1867 2396 secutus
1899 2367 1997 2395 eum
2028 2358 2093 2395 est

368 2428 412 2467 in
448 2426 753 2482 proconsulatu
792 2429 955 2469 amicus
998 2426 1176 2483 quidam
1216 2425 1422 2468 Aristidis
1461 2425 1519 2469 ib.
1540 2438 1590 2479 p.
1621 2426 1706 2467 523
1744 2422 1816 2478 (cf.
1854 2422 1976 2476 infra
2013 2420 2090 2463 sub

368 2495 419 2538 L.-
461 2495 602 2537 Statio
637 2494 886 2552 Quadrato).
957 2494 1182 2538 Oriundus
1227 2509 1284 2536 ex
1324 2494 1519 2550 Phrygia
1560 2492 1781 2548 superiore
1827 2491 1885 2535 ib.
1918 2504 1966 2545 p,
1995 2491 2091 2532 505.

376 2562 443 2616 Cf.
472 2576 605 2617 supra
633 2564 709 2605 sub
746 2564 803 2606 Ti.
841 2563 955 2606 Iulio
987 2564 1141 2607 Severo
1172 2563 1223 2616 (I
1243 2562 1341 2617 375)
1372 2563 1447 2605 sub
1479 2562 1553 2617 sin.

285 2643 366 2685 447
400 2648 637 2694 SEVERVS,
670 2657 843 2699 praeses
876 2643 1108 2700 Bithyniae
1144 2658 1182 2686 a.
1215 2643 1298 2686 183
1328 2642 1469 2685 chron.
1497 2641 1651 2684 Paseh.
1674 2655 1722 2696 p.
1744 2643 1825 2683 491
1856 2639 1919 2684 ed.
1949 2638 2089 2682 Bonn.

285 2722 367 2764 448
400 2728 637 2776 SEVERVS,
669 2722 750 2777 leg.
773 2723 886 2777 Aug.
917 2739 995 2780 pro
1027 2739 1091 2780 pr.
1113 2730 1162 2766 ut
1184 2723 1359 2765 videtur
1378 2722 1569 2765 Arabiae
1589 2722 1678 2764 III
1690 2723 1815 2765 6028.
1869 2719 1939 2774 Of.
1959 2732 2094 2773 supra

367 2791 442 2832 sub
473 2791 634 2832 Erucio
665 2791 816 2834 Severo
857 2792 1046 2846 (Valerii
1075 2792 1221 2836 Severi
1258 2805 1407 2834 nomen
1435 2792 1482 2834 in
1516 2794 1658 2845 ectypo
1697 2790 1830 2844 leyere
1867 2789 1953 2831 sibi
1979 2788 2093 2831 visus

373 2862 432 2901 est
462 2859 772 2913 Zanyemeister
803 2861 949 2903 Mum.
973 2861 1043 2904 des
1073 2861 1293 2903 deutschen
1315 2859 1778 2903 Palaestina-Vereins
1806 2860 1917 2901 1896
1938 2871 1985 2912 p.
2006 2858 2092 2914 49).

288 2938 370 2980 449
404 2971 412 2980 .
432 2971 440 2980 .
460 2972 468 2980 .
488 2971 496 2980 .
513 2945 608 2979 NVS
632 2944 854 2982 SEVERVS
879 2974 888 2982 .
907 2974 915 2982 .
936 2973 944 2982 .
976 2940 1215 2983 consularis
1236 2944 1265 2982 t.
1283 2940 1533 2995 Sinopensis
1548 2939 1636 2982 III
1646 2942 1732 2982 240
1748 2957 1804 2973 =
1819 2937 1907 2980 III
1920 2936 1967 2982 S.
1983 2937 2093 2979 6981

373 3006 496 3048 semel
524 3007 766 3063 descriptus.

290 3086 373 3127 450
404 3085 611 3142 Severus,
649 3088 890 3143 Vologaeso
924 3088 1170 3131 Sanatrucii
1199 3088 1288 3131 filio
1319 3088 1509 3131 indutias
1538 3088 1751 3130 concessit
1778 3086 1867 3129 Dio
1897 3088 1962 3141 75,
1994 3088 2032 3136 9,
2066 3087 2093 3127 6

375 3168 459 3196 exc.
492 3154 540 3196 de
571 3155 644 3210 leq.
676 3156 805 3210 Vulyo
827 3160 1009 3210 putatur
1039 3157 1226 3212 intelleyi
1257 3158 1490 3212 imperator
1519 3156 1752 3211 Septimius
1781 3154 1982 3206 Severus;
2021 3152 2095 3196 sed

373 3223 500 3263 verba
519 3223 676 3266 Dionis
697 3225 911 3278 pertinere
941 3225 998 3267 ad
1026 3229 1214 3280 tempora
1238 3225 1422 3268 Traiani
1440 3224 1504 3268 vel
1523 3224 1747 3268 Hadriani
1765 3223 1906 3266 docuit
1923 3221 2093 3264 Boisse-

373 3291 473 3331 vain
504 3291 647 3333 Herm.
675 3295 733 3334 25
762 3307 808 3345 p.
839 3295 932 3342 330,
972 3294 1046 3346 qui
1072 3297 1203 3347 putat
1241 3293 1561 3348 intelleyendum
1601 3306 1686 3335 esse
1726 3292 1869 3334 ducem
1909 3290 2091 3345 aliquem

381 3358 562 3400 Traiani
591 3359 695 3401 bello
727 3360 941 3404 Parthico,
