2242 3672
292 256 543 295 VALERIVS
1112 306 1114 309 Ι
1145 242 1229 284 362
1850 246 2100 295 VALEmvs

289 935 342 975 88

283 2572 336 2612 89

378 390 576 432 Mortuus
616 386 746 439 iyitur
784 383 873 424 sine
913 381 1038 422 dubio
1079 380 1311 432 imperante
1340 377 1504 420 demum
1533 378 1737 432 Auyusto.
1796 378 1864 421 De
1892 379 1982 422 vita
2011 380 2101 423 eius

377 458 430 510 cf.
452 453 660 508 Borylzesi
690 466 783 506 opp.
804 453 843 500 1,
866 453 948 491 404
969 462 1064 501 seq„
1096 447 1171 501 qui
1199 461 1291 489 eum
1322 447 1618 490 consobrinum
1636 447 1701 490 vel
1728 447 1909 501 fratrem
1929 449 2101 503 putavit

380 525 445 566 M,
478 522 637 565 Valerii
666 518 899 562 Messallae
932 516 1064 570 Niqri
1093 515 1274 558 consulis
1305 530 1345 557 a.
1377 518 1471 559 693.
1496 541 1548 546 —
1568 516 1620 558 In
1651 514 1762 558 libro
1792 515 1979 572 quodam
2011 518 2102 572 ,egit

378 593 432 633 de
462 592 565 632 Iano
598 588 794 631 Macrob.
828 587 853 628 l.
886 600 920 628 c.
983 585 1067 627 Hic
1096 584 1260 627 videtur
1290 584 1350 626 M.
1380 582 1582 626 Messalla
1612 598 1774 639 augur,
1813 586 1937 627 ouius
1966 583 2101 640 libros

376 660 429 701 de
459 658 662 714 auspiciis
693 657 796 698 eit-‚at
823 654 988 698 Gallus
1008 656 1073 703 13,
1095 654 1160 703 15,
1180 656 1208 695 3
1237 654 1291 707 of.
1321 654 1543 704 13,14,5;
1572 656 1698 704 16,1,
1729 651 1917 695 Messala
1951 668 2111 708 senex«,
2175 642 2224 707 ῑῑῖξ“’

375 729 496 770 0uius
536 726 669 768 libros
710 725 764 766 de
802 722 977 766 familiis
1018 723 1122 764 citat
1149 721 1322 764 Plinius
1351 721 1390 764 h.
1421 736 1462 766 n.
1492 724 1558 773 34,
1590 724 1684 764 137.
1725 724 1793 773 35,
1823 725 1853 764 s
1887 723 1943 776 cf.
1975 725 2014 774 1,
2044 723 2100 766 35
2164 719 2237 781 ’ἐξ

375 796 501 847 (e'dem
529 794 694 836 videtur
722 791 910 835 Messala
939 790 1078 834 Rufus
1099 790 1216 833 Plin.
1246 790 1287 832 h.
1316 805 1359 833 n.
1386 793 1425 841 1,
1451 793 1490 834 7.
1511 793 1578 833 34.
1610 793 1649 841 7,
1671 789 1783 840 173).
1835 789 1904 844 Cf.
1941 788 2101 843 Teuffel

374 865 459 906 Lit.
489 867 583 913 199,
614 865 656 905 2.

375 933 445 987 (Μ.
467 930 737 984 VALERIVS)
759 935 1025 971 MESSALLA
1046 934 1322 970 BARBATvs.
1364 927 1581 970 Barbatus
1603 926 1790 970 Messala
1810 926 1953 979 Suet.,·
1970 941 2101 982 prae-

374 1004 488 1042 terea
516 1013 664 1041 nomen
693 1012 778 1041 non
800 998 1004 1052 ponitur;
1030 1011 1296 1051 praenomen
1334 996 1548 1051 eolliyitur
1577 1010 1627 1039 ex
1658 999 1687 1038 t.
1719 996 1863 1038 liberti
1891 995 1960 1038 VI
1979 998 2098 1047 4493,

371 1069 411 1110 si
447 1082 541 1110 vere
580 1068 618 1110 is
654 1067 778 1109 huius
820 1067 995 1108 libertus
1025 1066 1131 1119 fuit,
1175 1066 1230 1119 cf.
1261 1066 1394 1119 infra.
1453 1064 1748 1108 Consobrinus
1780 1063 1951 1107 Claudii
1982 1064 2099 1108 Suet.

375 1136 520 1179 Claud.
552 1140 622 1179 26.
678 1135 825 1177 Filius
854 1135 945 1176 sine
975 1134 1103 1176 dubio
1133 1134 1222 1176 eius
1252 1134 1325 1187 qui
1351 1134 1551 1188 sequitur,
1586 1133 1652 1177 M.
1685 1132 1848 1176 Valerii
1868 1131 2101 1178 Messallae

371 1205 562 1247 Barbati
590 1204 773 1247 consulis
804 1218 843 1245 a.
869 1207 963 1253 742,
995 1206 1122 1245 natus
1151 1206 1199 1244 ut
1226 1202 1390 1245 videtur
1421 1201 1755 1252 Marcellarum,
1787 1215 1980 1244 sororum
2007 1200 2101 1244 An-

372 1275 522 1327 toniae,
545 1273 696 1315 matris
718 1271 901 1322 Claudii,
923 1286 1011 1314 una
1031 1272 1149 1327 (nam
1170 1271 1262 1313 alia
1279 1272 1448 1314 ratione
1465 1271 1538 1313 vix
1558 1271 1703 1326 potuit
1723 1283 1809 1312 esse
1827 1269 2102 1312 consobrinus
2178 1261 2238 1325 {J

374 1344 406 1383 G
413 1342 569 1392 laudii,
609 1342 662 1395 cf.
693 1340 903 1395 Boryhesi
933 1355 1026 1394 opp.
1058 1343 1097 1391 1,
1128 1342 1238 1396 415),
1281 1343 1321 1382 et
1363 1339 1528 1394 quidem
1557 1338 1773 1382 Marcella
1810 1338 1984 1381 minore.
2044 1337 2101 1386 In
2184 1332 2226 1401 Ξ,

370 1411 560 1465 sepulcro
600 1410 731 1460 enim,
775 1409 886 1463 quod
925 1412 1024 1451 teste
1061 1408 1184 1451 titulo
1215 1408 1283 1451 VI
1304 1411 1417 1452 4421
1444 1407 1682 1450 Marcellae
1711 1407 1889 1449 minoris
1926 1405 2101 1449 libertus
2173 1401 2238 1459 Ἰ

373 1479 579 1521 dedicavit
607 1478 739 1534 (circa
779 1491 937 1519 annum
958 1492 1008 1531 p.
1029 1475 1126 1521 Chr.
1156 1480 1222 1527 10,
1254 1477 1308 1530 cf.
1347 1476 1416 1519 VI
1436 1478 1575 1532 4418),
1617 1479 1656 1518 et
1694 1476 1742 1518 in
1779 1474 1890 1529 quod
1917 1474 2125 1530 plurimi

373 1547 684 1590 Marcellarum
714 1546 857 1589 liberti
886 1549 926 1587 et
954 1546 1066 1588 servi
1093 1545 1224 1588 inlati
1250 1548 1360 1595 sunt,
1393 1544 1555 1587 conditi
1583 1545 1712 1587 etiam
1731 1542 1960 1586 Messallae
1984 1542 2100 1585 servi

371 1631 520 1658 servae
551 1615 619 1658 VI
631 1607 750 1658 4446.
770 1617 879 1657 4475
909 1614 1000 1670 (hic
1030 1628 1124 1656 cum
1151 1614 1342 1657 Claudia
1369 1614 1545 1668 aliqua).
1574 1615 1695 1656 4635.
1715 1616 1840 1663 4699,
1871 1610 2114 1657 Messallae

371 1685 513 1727 liberti
534 1684 714 1726 libertae
746 1683 815 1726 VI
826 1686 948 1725 4480.
971 1686 1094 1727 4493.
1115 1686 1236 1725 4703.
1259 1685 1374 1725 4707
1390 1681 1453 1735 (in
1473 1682 1542 1725 his
1562 1685 1670 1726 certe
1689 1695 1800 1724 unus
1820 1681 1879 1725 M.
1895 1679 2099 1730 Valerius

372 1754 438 1795 VI
458 1752 596 1807 4493),
627 1766 803 1806 quorum
839 1755 1071 1806 patronum
1102 1751 1363 1794 dominumve
1402 1754 1584 1806 apparet
1621 1751 1754 1804 fuisse
1785 1749 1851 1807 M
1884 1749 2100 1794 Valerium

373 1821 606 1863 Messalam
637 1820 819 1875 aliquem
841 1820 1130 1874 propinquum
1162 1819 1400 1862 Marcellae
1428 1819 1618 1869 minoris,
1640 1818 1869 1873 probabile
1888 1821 1950 1861 est
1967 1817 2114 1872 fuisse>
2151 1811 2230 1867 345³<

372 1889 587 1931 Valerium
609 1889 861 1931 Messallam
884 1889 1140 1939 Barbatum,
1161 1902 1282 1942 quem
1303 1887 1481 1931 Claudii
1501 1888 1796 1930 consobrinum
1817 1887 1949 1940 fuisse
1973 1889 2096 1934 testa·

374 1962 454 2008 tur,
479 1957 717 2000 Marcellae
737 1958 875 2012 filium
895 1958 1060 2000 indicat
1081 1957 1196 2000 Suet.
1220 1957 1389 2012 (matris
1418 1957 1552 2011 iyitur
1571 1956 1661 1998 eius
1686 1955 1918 2010 aliquando
1938 1953 2099 1998 ancilla

369 2025 544 2068 Valeria
569 2027 709 2068 Nama
738 2026 987 2068 Messallaes
1019 2025 1174 2068 liberta
1202 2025 1484 2067 Marcelliana
1514 2025 1582 2067 VI
1593 2023 1733 2079 4501).
1790 2023 1966 2066 Patrem
1993 2023 2095 2075 eius,

371 2095 607 2137 Marcellae
626 2096 840 2146 maritum,
871 2096 918 2137 in
944 2095 1011 2137 his
1038 2095 1174 2137 titulis
1202 2094 1443 2149 siqnificari
1467 2107 1552 2135 non
1581 2092 1843 2143 crediderim,
1865 2094 2098 2147 propterca
2144 2084 2146 2086 ,

368 2163 479 2217 quod
497 2163 564 2205 liic
585 2163 805 2217 defunctus
826 2167 887 2206 est
913 2177 1024 2206 anno
1047 2166 1143 2214 742,
1175 2163 1306 2205 multo
1337 2166 1465 2205 antea
1494 2176 1622 2217 quam
1651 2163 1961 2204 monumentum
1988 2158 2099 2203 illud
2131 2160 2133 2162 ’
2174 2150 2226 2215 ᾖς’-Ὑ-

368 2232 605 2273 institutum
636 2244 721 2274 esse
750 2231 926 2274 videtur.

454 2300 583 2341 Pater
614 2300 815 2342 Valeriae
856 2299 1153 2353 Messallinae,
1196 2300 1347 2342 uxoris
1389 2298 1561 2343 Claudii
1603 2298 1719 2342 Suet.
1751 2298 1779 2341 l.
1810 2311 1844 2340 c.
1902 2297 2096 2341 Maritus

368 2368 498 2421 iyitur
528 2383 609 2422 per
649 2369 823 2423 aliquod
862 2372 1021 2423 tempus
1060 2367 1279 2410 Domitiae
1318 2367 1518 2422 Lepidae.
1577 2366 1818 2420 Defunctus
1848 2369 1959 2420 puto
1996 2367 2096 2408 ante

370 2436 592 2489 imperium
629 2437 819 2487 Claudii,
862 2440 972 2479 certe
1011 2440 1108 2479 ante
1147 2440 1322 2479 mortem
1363 2435 1644 2478 Messallinae
1679 2435 1742 2491 (in
1773 2435 1879 2477 vivis
1917 2433 2028 2477 enim
2054 2433 2096 2476 si

369 2507 466 2546 tunc
493 2505 651 2557 fuisset,
680 2509 986 2548 memoraretur
1016 2520 1044 2548 a
1072 2520 1213 2547 rerum
1242 2504 1552 2560 scriptoribus).

378 2579 428 2614 M.
462 2579 709 2615 VALERIVS
746 2581 1012 2616 MESSALLA
1052 2580 1314 2616 BARBATVS
1355 2579 1600 2615 APPIANVS
1646 2570 1797 2614 consul
1836 2586 1875 2614 a.
1907 2571 2003 2615 742.
2037 2594 2094 2600 —

370 2640 427 2681 M.
449 2641 649 2683 Valerius
681 2642 790 2695 fasti
815 2642 1043 2693 colonam,
1075 2643 1184 2696 fasti
1209 2642 1461 2692 Biondiam,
1493 2641 1581 2684 Dio
1601 2643 1666 2692 54,
1687 2643 1760 2692 28,
1793 2639 2095 2696 *γερουσιαριος

371 2709 447 2759 (sie
487 2709 737 2752 Boissevain
751 2745 761 2761 ,
804 2713 885 2766 qui*
907 2715 1040 2766 putat
1078 2712 1363 2765 confusionem
1400 2714 1539 2753 ortam
1574 2723 1659 2752 esse
1698 2723 1750 2751 ea·
1786 2708 1954 2751 nomine
1988 2698 2206 2769 Vari

369 2778 550 2819 consulis
578 2779 688 2831 quod
707 2780 944 2833 praecedit)
975 2780 1191 2826 Μέσσα).ος
1218 2778 1404 2837 ’Άρβατος
1433 2779 1521 2821 Dio
1551 2778 1636 2821 ind.
1669 2778 1696 2820 l.
1717 2779 1782 2828 54,
1813 2777 1873 2820 M.
1906 2774 2093 2825 Messala

371 2843 571 2895 Cassiod„
605 2846 792 2890 Messala
822 2849 1039 2903 chronoyr.
1072 2863 1111 2891 a.
1132 2851 1225 2899 354,
1254 2849 1361 2901 fasti
1380 2848 1555 2902 Hydat„
1588 2847 1730 2890 chron.
1752 2845 1932 2898 Pasch.,·
1963 2877 1974 2890 .
1993 2877 2004 2888 .
2022 2877 2032 2888 .
2050 2877 2062 2888 .
2079 2876 2090 2887 .
2126 2864 2129 2865 ⁷

369 2912 557 2968 Appian.
584 2915 691 2967 fasti
717 2916 857 2970 Capit.
889 2942 945 2946 ——
978 2917 1038 2959 M.
1066 2917 1096 2959 f.
1127 2917 1233 2971 fasti
1253 2916 1476 2967 Colotiani,
1508 2915 1597 2958 Dio
1627 2914 1714 2957 ind.
1745 2914 1772 2957 l.
1802 2917 1870 2957 54.
1926 2912 2092 2956 Natum

370 2994 453 3023 esse
476 2995 567 3023 eum
588 2984 761 3026 coniecit
776 2984 1035 3038 Boryleesius
1054 2983 1166 3039 (opp.
1184 2988 1223 3035 1,
1243 2984 1339 3038 416)
1354 2984 1498 3039 Appio
1517 2982 1696 3026 Claudio
1718 2982 1904 3025 Pulchro
1925 2981 2092 3025 consule
2116 3029 2118 3032 .

371 3063 410 3089 a.
442 3052 531 3100 716,
564 3051 811 3105 adoptatum
842 3053 911 3104 (ib.
946 3057 984 3103 1,
1010 3056 1108 3109 414)
1139 3068 1168 3095 a
1194 3053 1260 3095 M.
1294 3053 1462 3096 Valerio
1493 3052 1705 3095 Messalla
1734 3065 1894 3106 auywre
1923 3049 2117 3095 consule.
2140 3042 2205 3096 ff

371 3130 408 3157 a.
434 3119 524 3159 701.
570 3118 760 3162 Barbati
789 3122 1043 3174 eoynominis
1074 3122 1191 3176 oriyo
1221 3123 1395 3164 incerta.

457 3184 617 3227 Consul
657 3187 748 3229 ord.
790 3203 827 3229 a.
861 3189 942 3230 742
982 3204 1077 3230 eum
1120 3191 1169 3232 P.
1202 3190 1394 3246 Sulpicio
1436 3189 1636 3242 Quirinio
1677 3189 1783 3243 fasti
1822 3190 1895 3243 (cf.
1924 3185 2088 3242 supra).

370 3251 419 3291 ln
462 3252 728 3306 [magistratu
767 3262 962 3297 mortuus
1003 3257 1079 3310 est]
1125 3258 1234 3310 fasti
1272 3257 1518 3311 Capitolini.
1550 3281 1607 3287 —-
1638 3257 1740 3299 Non
1767 3256 1836 3299 hic
1865 3255 2090 3304 Barbatus
2160 3246 2215 3314 ‘³3:¹ss

372 3318 602 3371 Messalla,
634 3325 764 3375 pater
804 3323 999 3365 Valeriae
1038 3325 1319 3368 Messallinae
1355 3325 1554 3380 Claudii,
1595 3339 1703 3379 quae
1742 3339 1783 3367 a.
1810 3339 1865 3389 p·3
1900 3323 2005 3373 Chr.
2035 3325 2096 3374 41v
2156 3317 2206 3365 *ᾖ
