2242 3672
302 256 552 292 VALERIVS
1158 245 1242 288 352
1302 278 1305 280 -
1796 250 1798 252 ’
1858 250 2110 290 VALERIVS

304 389 358 430 24
389 386 588 429 Valerius
618 384 845 436 Antonius,
883 398 909 424 a
937 383 1155 423 Frontone
1187 381 1510 424 commendatus
1540 388 1590 424 ut
1619 382 1793 426 videtur
1822 383 1874 426 L.
1904 383 2044 427 Vero:
2075 385 2112 426 is

389 462 438 497 ut
467 453 656 495 libellum
688 451 767 492 sibi
797 450 871 492 det
901 449 996 491 vult
1026 450 1191 504 Verus,
1230 450 1299 492 cui
1329 449 1472 492 libello
1505 451 1821 507 rescripturum
1851 466 1897 494 se
1926 451 2114 495 ostendit

396 523 524 564 Verus
556 535 623 574 ap.
654 519 913 574 Frontonem
944 532 1005 571 ep.
1038 517 1096 560 acl
1125 517 1276 560 Verum
1305 521 1343 568 1,
1374 521 1406 562 2
1427 533 1475 573 p.
1497 522 1577 561 116
1609 519 1771 563 Naber.

303 593 356 633 25
387 597 433 631 D.
448 589 504 641 (Ρ)
536 593 785 629 VALERIVS
825 592 1098 628 ASIATICVS.
1153 585 1357 628 Valerius
1403 586 1624 629 Asiaticus
1664 587 1846 639 Seneca,
1893 589 2110 644 Iosephus,

393 658 504 706 Tae„
536 656 636 706 Dio,
668 655 886 697 Asiaticus
917 655 1128 708 fastorum
1159 654 1355 697 laterculi
1388 657 1465 698 sub
1498 670 1610 699 anno
1637 660 1703 699 46.
1747 656 1816 699 De
1835 659 2113 712 praenomine

388 728 560 775 constat,
594 725 634 765 si
660 738 752 765 vere
783 724 871 765 eius
899 737 1028 777 nepos
1056 723 1116 765 M.
1147 723 1314 765 Lollius
1344 724 1402 768 D.
1433 724 1461 768 f.
1494 725 1549 768 D.
1579 740 1620 767 n.
1653 724 1881 768 Paullinus
1909 725 2112 769 Valerius
2223 783 2225 785 ι

385 794 600 836 Asiaticus
633 791 704 846 (ef.
736 805 868 846 supra
897 792 974 834 sub
1005 791 1111 846 hoe),
1145 792 1312 846 eiusque
1333 807 1549 848 pronepos
1580 792 1812 848 [Valerius]
1846 827 1855 837 .
1873 827 1882 837 .
1900 827 1911 837 .
1935 794 1992 838 D.
2013 809 2111 851 pro-
2188 840 2191 842 ,

385 877 518 917 nepos
549 862 721 902 Taurus
754 860 969 901 Asiaticus
1000 860 1071 915 (ef.
1103 861 1226 914 infra
1254 861 1330 903 sub
1363 861 1530 904 Valerio
1566 862 1709 904 Tauro
1738 862 1966 920 Asiatico).
2179 918 2182 919 ⁷
2218 903 2242 929 Q

469 930 665 971 Viennae
702 929 881 982 genitus
911 928 1010 972 Tae.
1047 943 1086 970 a.
1123 932 1188 978 11,
1226 932 1251 970 1
1291 928 1383 983 (hie
1418 929 1583 972 videtur
1623 930 1860 973 consularis
1889 945 1910 973 e
1947 930 2115 974 colonia
2218 949 2242 990 3

385 998 608 1040 Viennensi
638 996 853 1046 oriundus,
886 997 931 1038 in
962 997 1080 1039 ouius
1109 998 1354 1039 memoriam
1384 1011 1496 1040 anno
1525 1000 1599 1053 48,
1637 998 1798 1042 seilicet
1823 1013 1936 1042 anno
1959 1003 2113 1055 postea
2192 990 2242 1055 ἶ

385 1080 509 1120 quam
538 1066 646 1107 hune
683 1065 931 1106 damnatum
966 1078 1051 1107 esse
1088 1068 1274 1116 constat,
1305 1066 1490 1108 invectus
1525 1069 1586 1108 est
1615 1066 1839 1118 Claudius,
1873 1068 1928 1122 of.
1958 1068 2111 1125 infra).

391 1135 564 1177 Tribum
584 1133 806 1188 putandus
836 1136 897 1175 est
924 1133 1122 1176 habuisse
1152 1133 1460 1184 Viennensium,
1493 1134 1748 1187 Voltiniam,·
1779 1135 1968 1179 Voltinia
1997 1136 2114 1179 tribu
2168 1148 2169 1151 ’
2214 1130 2242 1143 Μ

388 1203 562 1256 fuerunt
582 1202 654 1255 qui
673 1216 723 1244 ex
735 1203 921 1255 posteris
942 1202 1031 1244 eius
1046 1203 1178 1255 fuisse
1195 1202 1389 1246 videntur
1401 1202 1467 1244 M.
1486 1203 1652 1246 Lollius
1665 1203 1895 1247 Paullinus
1920 1203 2115 1247 Valerius

384 1271 604 1313 Asiaticus
644 1274 683 1312 et
723 1270 918 1329 Valerius
950 1271 1119 1313 Taurus
1146 1271 1379 1315 Asiaticus.
1414 1297 1466 1302 —
1499 1271 1681 1315 Amicus
1711 1273 1763 1316 L.
1794 1271 1980 1324 Vitellii,
2025 1287 2112 1316 una
2162 1274 2166 1279 ”
2191 1323 2203 1327 w

383 1355 479 1382 cum
510 1354 596 1395 quo
626 1339 860 1381 Antoniam
890 1339 1135 1394 Augustam
1164 1339 1356 1382 coluerat
1392 1340 1489 1383 Tae.
1511 1355 1551 1383 a.
1573 1344 1639 1392 11,
1660 1344 1700 1383 3.
1759 1341 1891 1384 Varia
1921 1343 2014 1384 eius
2050 1342 2112 1384 ‘in

383 1423 472 1449 rem
494 1407 711 1464 publicam
735 1408 891 1450 officia‘
915 1409 971 1451 ib.
1025 1407 1186 1451 Consul
1218 1409 1313 1451 suff.
1345 1425 1383 1451 a.
1406 1409 1490 1451 inc.
1523 1415 1622 1451 ante
1652 1425 1690 1454 a.
1718 1412 1785 1464 41,
1818 1409 2000 1453 fortasse
2031 1409 2112 1454 sub

383 1477 557 1518 Tiberio
599 1476 782 1530 (scilicet
822 1477 1060 1518 consularis
1102 1477 1183 1519 sub
1226 1476 1275 1519 C.
1318 1476 1504 1520 Caesare
1545 1478 1708 1521 Seneca
1747 1478 1850 1522 dial.
1889 1482 1934 1530 2,
1970 1481 2125 1531 18,·.2,,

385 1544 620 1586 consularis
651 1560 687 1587 a.
712 1546 759 1586 41
787 1545 951 1599 Ioseph.
977 1549 1062 1589 ant.
1085 1549 1151 1596 19,
1174 1549 1212 1596 1,
1234 1548 1305 1596 20,
1337 1545 1424 1587 Dio
1444 1547 1510 1597 59,
1532 1547 1617 1600 30).
1678 1546 1832 1601 &Ante
1861 1548 1906 1589 in
1937 1546 2112 1590 domum

384 1613 651 1655 consulatum
674 1613 831 1664 intulit,
865 1629 993 1670 quam
1015 1614 1182 1656 colonia
1204 1630 1282 1657 sua
1312 1614 1498 1657 solidum
1529 1617 1719 1658 civitatis
1743 1617 1965 1660 Romanae
1991 1616 2111 1660 beni·
2139 1631 2141 1633 ·

384 1681 529 1723 ficium
551 1689 781 1724 consecuta
802 1690 879 1725 est‘
912 1683 1122 1725 Claudius
1147 1698 1207 1726 or.
1230 1683 1380 1738 Isuyol„
1414 1683 1464 1726 de
1492 1684 1569 1726 hoo
1597 1688 1646 1726 ut
1673 1684 1851 1736 videtur,
1881 1685 1936 1740 of.
1956 1685 2112 1742 infra).

383 1749 431 1791 C.
465 1749 640 1792 Caesari
681 1752 723 1792 in
766 1752 916 1806 primis
947 1753 1096 1794 amicis
1128 1752 1290 1795 Seneca
1321 1752 1347 1795 l.
1379 1766 1438 1804 e.;
1468 1754 1543 1809 qui
1576 1752 1854 1805 nihilominus
1884 1757 2112 1798 consuetu-

384 1817 529 1859 dinem
560 1834 659 1861 cum
691 1835 828 1861 uxore
859 1821 950 1862 eius
981 1819 1181 1875 habebat,
1213 1827 1256 1862 et
1285 1828 1512 1877 praeterea
1542 1822 1587 1863 in
1606 1822 1748 1878 ipsum
1780 1821 2113 1865 contumeliosus

385 1885 467 1928 fuit
495 1887 578 1937 ib.;
619 1902 669 1928 ea
710 1902 778 1929 res
819 1885 932 1930 inter
970 1888 1078 1930 alias
1121 1888 1169 1931 C.
1211 1887 1443 1931 Caesarem
1485 1891 1617 1932 exitio
1659 1889 1778 1932 dedit
1810 1890 1868 1935 ib.
1898 1894 1942 1942 2,
1972 1892 2040 1942 18,
2070 1892 2110 1934 1.

387 1954 651 2010 Praecipuus
692 1962 842 1998 auctor
881 1956 1168 1998 interficiendi
1206 1957 1255 2002 C.
1294 1956 1492 2000 Caesaris
1532 1958 1666 2002 fuisse
1707 1958 1968 2001 credebatur
2011 1958 2110 2003 Tac.

388 2037 427 2064 a.
468 2027 540 2073 11,
583 2028 621 2066 1.
688 2024 797 2066 Erat
846 2040 946 2067 cum
1000 2025 1048 2068 C.
1099 2025 1286 2068 Caesare
1337 2042 1421 2083 quo
1472 2027 1542 2070 die
1593 2028 1759 2070 occisus
1809 2034 1874 2070 est
1908 2027 2112 2083 Iosephus

383 2094 469 2134 ant.
501 2095 567 2142 19,
604 2097 641 2139 1,
676 2097 715 2134 4.
788 2094 893 2135 Post
931 2101 1114 2136 mortem
1155 2093 1205 2137 C.
1248 2095 1447 2138 Caesaris
1487 2109 1741 2152 progressus
1782 2098 1827 2138 in
1868 2098 2112 2139 contionem

387 2159 459 2212 (ad
500 2159 657 2201 milites
697 2161 802 2215 Dio)
837 2161 1035 2216 ‘gloriam
1066 2162 1270 2205 facinoris
1302 2163 1415 2206 ultro
1447 2165 1616 2220 petivit’
1656 2165 1755 2208 Tae.
1788 2165 1815 2208 l.
1843 2180 1900 2217 0.,
1949 2164 2111 2221 Ioseph.

384 2230 447 2277 19,
480 2232 517 2278 1,
548 2232 618 2278 20,
652 2228 739 2270 Dio
768 2232 835 2280 59,
867 2233 921 2272 30
953 2231 1076 2286 (Zon.
1107 2235 1173 2282 11,
1205 2231 1260 2286 7).
1322 2231 1441 2285 Quin
1478 2234 1569 2288 ipse
1598 2234 1829 2290 imperium
1859 2234 2108 2288 adfoetaret,

384 2295 550 2337 obstitit
577 2297 614 2337 ei
646 2297 814 2339 Annius
842 2299 1098 2341 Vinicianus
1131 2299 1424 2356 (Μινουκιανός)
1456 2302 1622 2356 Ioseph.
1654 2306 1739 2345 ant.
1763 2306 1828 2353 19,
1849 2306 1888 2353 4,
1910 2306 1952 2345 3.
2007 2300 2118 2352 ‘Ad-j

383 2378 532 2405 versus
563 2365 851 2408 Brittanniam
882 2366 1051 2409 militia‘
1086 2369 1176 2410 eius
1208 2369 1389 2424 (videtur
1419 2369 1649 2412 Claudium
1681 2385 1726 2413 eo
1757 2372 1979 2414 comitatus
2009 2360 2113 2426 esse)

390 2432 488 2473 Tae.
521 2447 560 2474 a.
587 2436 652 2484 11,
678 2437 716 2476 3.
769 2434 930 2477 Consul
961 2436 1006 2477 Π
1036 2435 1295 2488 (iterationis
1322 2441 1467 2480 notam
1498 2453 1575 2482 om.
1606 2439 1715 2493 fasti
1743 2439 1905 2494 Hydat.
1937 2439 2110 2497 aliique>

385 2500 474 2542 ord.
507 2515 544 2542 a.
576 2502 631 2543 46
672 2517 770 2543 cum
808 2503 867 2545 M.
898 2504 1025 2545 Iunio
1057 2504 1204 2547 Silano
1235 2505 1323 2548 Dio
1354 2509 1420 2556 60,
1452 2510 1524 2557 27,
1556 2507 1674 2561 fasti,
1706 2514 1806 2550 ante
1836 2515 2006 2564 tempus
2035 2506 2108 2551 ab·

385 2568 563 2622 dicavit⁷
597 2584 681 2625 quo
711 2571 921 2613 invidiam
948 2573 1163 2614 minueret
1191 2573 1280 2615 Dio
1302 2573 1326 2615 l.
1350 2588 1382 2616 e.
1415 2575 1533 2628 (ante
1565 2575 1662 2617 idus
1692 2575 1872 2618 Martias
1904 2575 2108 2632 V5050);

385 2636 535 2677 consul
556 2637 599 2678 II
622 2637 783 2680 Seneca
810 2643 900 2682 nat.
928 2644 1084 2694 quaest.
1106 2645 1150 2692 2,
1172 2645 1242 2693 26,
1266 2645 1302 2692 6,
1341 2643 1439 2685 Tae.
1463 2657 1502 2685 a.
1525 2647 1590 2694 11,
1612 2647 1651 2686 1.
1706 2643 1760 2686 A.
1793 2645 1846 2687 47
1877 2645 2110 2700 instigante

384 2704 632 2747 Messallina
671 2721 697 2748 a
736 2707 887 2750 Suillio
930 2715 972 2751 et
1011 2709 1181 2752 Sosibio
1223 2717 1452 2753 accusatur
1487 2711 1602 2768 apud
1634 2711 1865 2755 Claudium
1894 2726 2109 2762 unacum

384 2770 587 2827 Poppaea
607 2773 782 2830 Sabina,
816 2778 939 2818 cuius
960 2777 1129 2820 adulter
1148 2778 1430 2834 credebatur3
1460 2780 1602 2822 missis
1630 2780 1838 2824 militibus
1867 2781 2000 2837 Baiis,
2032 2780 2128 2826 ubi)

386 2846 581 2894 repertus
612 2849 687 2896 est,
719 2843 764 2884 in
794 2843 947 2886 urbem
977 2845 1132 2888 vinclis
1163 2846 1312 2889 inditis
1343 2854 1491 2904 raptus
1522 2848 1621 2891 Tac.
1653 2863 1693 2891 a.
1724 2852 1788 2905 11,
1816 2853 1867 2901 1,·
1896 2849 1952 2892 ab
1983 2863 2108 2893 aecu-

388 2908 599 2950 satoribus
637 2912 826 2953 maxime
868 2914 906 2955 ei
948 2913 1186 2969 obiectum,
1219 2915 1335 2971 quod
1365 2915 1522 2958 milites
1552 2918 1738 2973 pecunia
1768 2923 1812 2959 et
1838 2923 1988 2974 stupro
2016 2931 2123 2962 cor«

388 2977 553 3030 ruperit
588 2978 685 3021 Tae.
719 2993 757 3022 a.
788 2983 853 3030 11,
885 2984 927 3031 2,
969 2980 1058 3023 Dio
1089 2985 1155 3033 60,
1186 2986 1257 3026 29.
1330 2982 1441 3026 Cum
1481 2983 1691 3027 Claudius
1732 2984 1919 3028 liberum
1958 2986 2122 3035 mortis»

386 3043 611 3086 arbitrium
643 3047 681 3087 ei
712 3049 987 3104 permisisset,
1020 3065 1153 3092 venas
1185 3050 1372 3094 exsolvit
1396 3051 1494 3097 Tae.
1520 3067 1559 3097 a.
1581 3056 1647 3104 11,
1668 3056 1707 3104 3,
1739 3053 1827 3096 Dio
1848 3054 1874 3098 l.
1897 3067 1931 3097 o.
1975 3054 2030 3098 A.
2052 3052 2107 3100 48

385 3111 429 3150 in
468 3114 719 3155 memoriam
759 3115 851 3157 eius
893 3117 938 3158 in
978 3124 1131 3160 senatu
1170 3119 1391 3161 invehitur
1427 3119 1636 3163 Claudius
1676 3123 1849 3164 nomine
1889 3123 1982 3165 eius
2020 3136 2108 3168 non

384 3180 521 3232 posito
564 3181 648 3233 (‘ut
682 3181 823 3224 dirum
863 3198 1019 3226 nomen
1059 3186 1239 3229 latronis
1280 3189 1484 3244 taceam³)
1526 3203 1587 3232 or.
1625 3188 1780 3232 Claud.
1815 3190 2109 3245 Lugdunensis

385 3246 446 3287 II
466 3248 518 3288 15
537 3261 617 3300 seq.
678 3247 870 3292 Divitiae
900 3253 1015 3307 eius3
1055 3269 1275 3309 possessor
1315 3256 1536 3300 hortorum
1576 3258 1954 3315 Lucullianorum3
1993 3272 2110 3318 quael

386 3328 453 3354 rcs
484 3316 670 3357 maxime
701 3318 833 3359 exitio
863 3320 899 3359 ei
931 3319 1104 3363 fuerant
1139 3323 1236 3366 Tae.
1259 3338 1298 3366 a.
1320 3328 1386 3375 11,
1407 3328 1446 3376 1,
1478 3325 1567 3369 Dio
1589 3330 1655 3378 60,
1676 3330 1747 3372 27.
1769 3330 1838 3370 31.
1879 3328 1962 3371 Vir
1981 3327 2107 3371 ferox
2148 3329 2210 3379 s
