2242 3672
183 277 498 315 SVBATIANVS
1052 274 1136 319 277
1761 280 2005 319 SVELLIVS

181 410 264 452 682
297 415 612 453 SVBATIANVS
634 416 891 453 PRocvhvs
916 411 1084 467 legatus
1105 412 1338 455 Numidiae
1367 427 1404 455 a.
1429 413 1512 456 208
1535 411 1661 456 VIII
1670 414 1784 457 4323
1807 412 1863 467 ef.
1890 411 2016 456 VIII

269 477 315 522 S.
344 481 498 522 18528.
1124 495 1129 499 ·

156 534 159 537 ,
194 572 252 577 —
297 547 538 591 Suberinus
559 547 677 591 Plin.
705 563 767 603 ep.
791 552 828 600 6,
850 551 915 600 33,
939 553 978 592 6.
1021 549 1089 603 Cf.
1111 563 1245 604 supra
1268 550 1345 593 sub
1366 549 1490 593 Attio
1521 549 1753 594 Suburano
1784 549 1846 604 (A
1867 551 2006 605 1134).

183 616 267 659 683
299 616 400 659 Sex.
434 616 621 660 Subrius
653 618 822 660 Dexter
853 618 1135 672 (praenomen
1166 623 1282 662 extat
1309 619 1357 662 X
1385 620 1534 674 8023),
1573 618 1775 662 tribunus
1817 619 2007 662 cohortis

269 686 514 742 praetoriae
554 701 592 728 a.
635 686 712 741 69,
756 687 915 728 missus
952 702 978 729 a
1019 687 1164 731 Galba
1204 689 1247 730 in
1288 694 1430 730 castra
1468 687 1525 730 ad
1566 687 1840 731 retinendam
1875 688 2006 730 fidem

267 752 451 796 militum
499 754 596 796 Tac.
629 754 669 797 h.
701 758 749 806 1,
781 758 849 799 31.
910 755 964 798 Α.
998 757 1054 799 74
1098 763 1355 814 procurator
1398 763 1441 799 et
1485 757 1731 814 praefectus
1778 757 2006 801 Sardiniae

263 821 466 864 milliarii
493 822 632 866 Sardi
658 823 708 866 X
732 826 857 868 8023.
888 826 1018 868 8024.
1079 825 1285 869 Fortasse
1314 826 1454 880 frater
1485 826 1573 868 eius
1606 826 1683 881 qui
1709 826 1910 880 sequitur.

181 891 265 933 684
296 890 480 934 Subrius
511 891 675 934 Flavus
708 891 785 946 (sio
812 893 911 936 Tae.
944 896 1011 944 15,
1042 896 1110 936 58.
1140 897 1206 944 67,
1240 894 1425 937 Subrius
1456 894 1589 936 Flaus
1619 896 1685 945 15,
1715 897 1785 945 50,
1819 893 2004 937 Subrius

266 958 446 1002 Flavius
475 962 539 1015 15,
562 963 628 1002 49.
648 963 712 1011 65,
745 961 911 1018 Σοὺβιος
941 963 1119 1021 Φλάβιος
1143 962 1263 1017 Dio),
1299 962 1498 1005 tribunus
1528 962 1718 1006 cohortis
1749 963 2004 1019 praetoriae,

267 1043 305 1070 a.
337 1029 392 1071 65
433 1028 762 1071 ardentissimus
803 1036 955 1072 auctor
996 1032 1305 1074 coniurationis
1340 1032 1600 1074 Pisonianae
1636 1031 1734 1076 Tac.
1769 1045 1808 1074 a.
1840 1034 1903 1087 15,
1935 1035 2004 1075 49.

266 1099 335 1139 50.
364 1099 430 1152 58,
463 1096 552 1140 Dio
584 1101 653 1149 62,
685 1102 756 1142 24.
817 1099 1119 1143 Destinavisse
1150 1100 1321 1155 dicitur,
1360 1107 1408 1143 ut
1438 1108 1536 1158 post
1567 1103 1756 1144 occisum
1787 1101 2005 1143 Neronem

268 1165 369 1208 Piso
401 1181 575 1223 quoque
605 1167 924 1211 interficeretur
959 1169 1058 1212 Tae.
1092 1184 1132 1212 a.
1164 1172 1230 1220 15,
1262 1172 1326 1215 65.
1393 1169 1658 1212 Constanter
1685 1175 1868 1213 mortem
1899 1169 2007 1212 obiit

271 1234 370 1278 Tae.
401 1248 435 1277 e.
465 1238 538 1287 67‚·
567 1235 657 1278 Dio
688 1236 714 1278 l.
746 1250 779 1279 o.

195 1328 248 1334 —
294 1303 479 1360 (Attius)
512 1304 786 1348 Suburanus.

191 1397 250 1402 —
293 1373 353 1416 M.
385 1372 533 1416 Attius
566 1372 837 1417 Suburanus.

199 1466 246 1471 --
295 1448 403 1484 SEX.
435 1449 615 1485 ATTIVS
645 1449 953 1486 SVBVRANVS.

179 1511 262 1553 685
295 1510 606 1554 Successianus
638 1512 977 1565 (Σουκεσσιανὸς),
1017 1512 1097 1555 sub
1129 1512 1363 1556 Valeriano
1403 1513 1649 1570 praefectus
1689 1513 1891 1570 praesidii
1923 1515 2006 1556 Ro-

265 1581 382 1622 mani
420 1581 639 1637 Pityunte,
683 1580 869 1637 Scythas
909 1582 1207 1638 inrumpentes
1247 1582 1417 1624 fortiter
1452 1581 1644 1639 reppulit
1675 1582 1833 1624 Zosini.
1866 1586 1903 1633 1,
1933 1586 2004 1625 32.

266 1648 419 1691 Paullo
451 1655 601 1706 postea
631 1664 655 1691 a
689 1648 922 1692 Valeriano
963 1651 1008 1691 in
1041 1650 1215 1706 Syriam
1251 1651 1484 1693 arcessitus
1526 1657 1568 1692 et
1603 1650 1848 1706 praefectus
1881 1666 2003 1707 prae-

264 1718 376 1760 torio
407 1717 549 1761 factus
579 1719 636 1761 ib.

195 1811 248 1818 -
294 1785 481 1830 Helvius
512 1786 763 1830 Successus.

178 1856 262 1898 686
293 1855 508 1899 Succonia
527 1856 718 1904 Rustica,
741 1856 801 1899 M.
825 1855 1052 1913 Calpurnii
1077 1856 1268 1899 Senecae
1288 1856 1414 1899 Fabii
1437 1857 1674 1913 Turpionis
1696 1856 1998 1912 Sentinatiani,

263 1924 470 1982 praefecti
502 1924 662 1981 classis,
697 1941 810 1968 uxor
838 1929 865 1968 t.
898 1925 1122 1980 Hispanus
1142 1926 1204 1968 II
1219 1929 1336 1969 1267
1364 1925 1588 1978 (incertum
1620 1940 1677 1968 an
1703 1926 1943 1981 yenuinus).

178 1994 260 2036 687
292 1994 343 2036 T.
367 1993 553 2036 Suedius
576 1993 774 2037 Clemens
799 1993 1081 2049 (praenomen
1100 1995 1285 2037 servavit
1305 1998 1333 2038 t.
1358 1994 1676 2050 Pompeianus),
1709 1994 2002 2051 primipilaris,

265 2077 302 2105 a.
335 2063 390 2105 69
424 2078 535 2105 unus
567 2077 623 2105 ex
653 2063 839 2106 ducibus
870 2063 1161 2120 expeditionis
1191 2079 1319 2120 quam
1353 2070 1505 2107 contra
1534 2064 1806 2121 provinciam
1836 2063 2003 2106 Narbo-

264 2147 440 2175 nensem
472 2134 645 2190 paravit
670 2133 786 2176 Otho
823 2134 922 2178 Tac.
954 2134 995 2177 h.
1022 2137 1061 2185 1,
1084 2136 1153 2177 87.
1184 2137 1227 2185 2,
1250 2137 1322 2178 12.
1378 2134 1471 2177 Sub
1496 2134 1768 2190 Vespasiano
1800 2131 2004 2175 tribunus

263 2201 471 2257 (cohortis
511 2204 754 2259 praetoriae
794 2203 940 2260 puto),
993 2217 1049 2244 ex
1091 2204 1349 2245 auctoritate
1387 2203 1660 2259 imperatoris
1701 2203 1763 2244 rei
1803 2200 2004 2258 publicae

262 2271 628 2328 Pompeianorum
649 2271 744 2314 loca
770 2272 944 2329 publica
964 2287 990 2314 a
1010 2272 1193 2328 privatis
1226 2287 1424 2329 possessa
1454 2272 1646 2314 restituit
1667 2274 1695 2314 t.
1718 2270 2003 2325 Pompeianus

263 2339 312 2383 X
337 2342 460 2383 1018.
512 2339 564 2384 Α,
589 2341 643 2384 79
674 2341 920 2397 praefectus
951 2347 1187 2383 castrorum
1219 2340 1420 2396 (legionis
1441 2335 1494 2383 'in
1520 2340 1724 2396 Aegypto
1751 2339 2000 2393 tendentis),

262 2408 387 2451 audit
415 2408 693 2452 Memnonem
724 2425 870 2453 mense
899 2410 1011 2453 Nov.
1042 2410 1131 2452 III
1152 2413 1222 2453 33.

177 2478 260 2520 688
293 2477 522 2532 Suel(l)ius
549 2477 744 2532 (Suelius
778 2479 997 2533 traditur),
1031 2478 1310 2521 adversarius
1340 2479 1408 2533 (P.
1440 2477 1625 2533 Galerii)
1656 2476 1857 2519 Trachali
1891 2477 2004 2531 (eon-

263 2547 370 2589 sulis
396 2560 435 2589 a.
458 2546 528 2601 68)
560 2547 605 2589 in
636 2548 781 2590 nescio
814 2562 903 2604 qua
933 2562 1065 2590 causa
1095 2553 1138 2590 et
1165 2547 1220 2589 ab
1246 2547 1329 2589 hoc
1354 2548 1505 2589 irrisus
1529 2546 1671 2600 Quint.
1693 2547 1790 2588 inst.
1813 2548 1851 2595 6,
1873 2548 1912 2595 3,
1936 2547 2002 2588 78.

262 2615 460 2658 Fuerunt
484 2617 559 2670 qui
586 2617 823 2672 coyitarent
848 2616 898 2659 de
923 2615 975 2659 P.
997 2616 1151 2660 Suillio
1172 2616 1294 2671 Rufo
1324 2617 1448 2671 infra
1476 2631 1519 2659 n.
1547 2620 1642 2666 700,
1675 2616 1859 2670 fortasse
1879 2617 2003 2655 reete.

178 2684 262 2727 689
294 2689 372 2726 GN.
405 2690 647 2727 SVELLIVS
678 2691 903 2727 FLACOVS
936 2684 1035 2739 (On.
1069 2684 1260 2728 Suellius
1292 2684 1346 2727 Fl
1365 2719 1373 2728 .
1394 2718 1403 2727 .
1422 2718 1431 2728 .
1450 2718 1459 2727 .
1491 2687 1520 2727 t.
1556 2684 1840 2733 Thevestinus‚
1883 2682 2004 2724 Flac-

266 2768 343 2795 cus
374 2753 566 2808 Zonar.),
600 2753 767 2808 legatus
799 2754 914 2809 Aug.
946 2769 1024 2810 pro
1056 2769 1120 2810 pr.
1152 2755 1389 2809 (exercitus
1420 2753 1637 2807 Africani)
1668 2755 1696 2796 t.
1734 2751 2005 2794 Thevestinus

271 2821 395 2864 VIII
407 2824 515 2865 1839
547 2823 603 2876 cf.
637 2822 761 2865 VIII
774 2822 817 2866 S.
840 2825 990 2873 16499,
1022 2822 1193 2876 legatus
1213 2823 1446 2865 Numidiae
1466 2822 1548 2864 sub
1570 2821 1835 2874 Domitiano,
1869 2819 2005 2861 Nasa-

264 2905 415 2932 mones
445 2890 608 2934 delevit
637 2892 838 2934 Zonaras
866 2895 930 2942 11,
965 2895 1032 2934 19.
1092 2892 1280 2946 Leyatus
1309 2892 1395 2946 fuit
1425 2905 1537 2933 anno
1557 2892 1612 2932 85
1643 2889 1707 2931 vel
1729 2892 1797 2939 86,
1828 2889 1868 2930 si
1896 2890 2006 2929 reete

265 2958 481 3001 Eusebius
515 2960 657 3003 ebron.
691 2961 916 3002 victoriam
957 2960 1007 3003 de
1048 2960 1370 3004 Nasamonibus
1413 2960 1564 3002 tribuit
1603 2972 1717 3000 anno
1755 2957 1863 2999 Abr.
1894 2959 2005 2999 2101

267 3032 388 3079 (vers,
420 3024 562 3083 Arni.)
591 3029 656 3071 vel
684 3032 805 3072 2102
832 3029 1129 3085 (IIieronyon).

181 3095 265 3138 690
296 3102 537 3140 SVELLIVS
564 3104 856 3140 MARCIANVS
889 3098 968 3152 (sie
994 3101 1022 3142 t.
1043 3099 1250 3148 urbanus,
1283 3098 1451 3140 Σουελλ.
1482 3096 1546 3138 vel
1575 3096 1731 3148 Σουελ.,
1755 3093 2005 3147 plerumque

268 3164 362 3208 Σου.
394 3164 624 3224 Μαρκιανός
655 3167 821 3209 nummi
854 3167 909 3221 of.
941 3167 1087 3221 infra;
1122 3167 1243 3209 Σουλ.
1280 3165 1510 3223 Μαρκιανός
1546 3164 1703 3206 dieitur
1736 3161 1884 3203 lectum
1921 3173 2006 3202 esse

270 3233 471 3276 Mionnet
488 3234 625 3289 suppl.
643 3235 705 3277 II
717 3250 766 3289 p.
786 3238 870 3277 309
895 3249 937 3277 n.
960 3238 1052 3286 653,
1083 3235 1173 3277 sine
1194 3234 1323 3276 dubio
1342 3234 1471 3285 male)
1503 3232 1670 3285 legatus
1701 3243 1779 3285 pro
1810 3243 1874 3283 pr.
1903 3227 2005 3284 (ἠγ.)

270 3301 484 3345 Thraciae
505 3302 587 3345 sub
611 3303 846 3346 Commodo
866 3304 1032 3346 nuninii
1049 3302 1466 3357 Hadrianopolitani
1495 3314 1563 3354 ap.
1590 3299 1786 3340 Mionnet
1806 3296 1840 3338 I
1851 3310 1900 3350 p.
1925 3298 2007 3338 386

268 3385 311 3413 n.
329 3374 421 3415 146.
444 3375 536 3423 147,
567 3372 704 3427 suppl.
722 3373 783 3415 II
786 3387 837 3426 p.
853 3375 936 3415 309
956 3386 998 3414 n.
1022 3374 1228 3422 651-653,
1250 3371 1366 3413 Brit.
1389 3370 1506 3413 Mus.
1530 3370 1612 3410 eat.
1634 3366 1789 3409 Thrae.
1802 3379 1851 3419 p.
1865 3368 1957 3414 117,
1978 3366 2007 3406 8
