<?xml version="1.0" encoding="UTF-8"?>
<!DOCTYPE html PUBLIC "-//W3C//DTD XHTML 1.0 Transitional//EN"
    "http://www.w3.org/TR/xhtml1/DTD/xhtml1-transitional.dtd">
<html xmlns="http://www.w3.org/1999/xhtml" xml:lang="en" lang="en">
 <head>
  <title>
</title>
<meta http-equiv="Content-Type" content="text/html;charset=utf-8" />
  <meta name='ocr-system' content='tesseract 3.04.00' />
  <meta name='ocr-capabilities' content='ocr_page ocr_carea ocr_par ocr_line ocrx_word'/>
</head>
<body>
  <div class='ocr_page' id='page_1' title='image "./prosopographiaim03akaduoft/prosopographiaim03akaduoft_0405.png"; bbox 0 0 2242 3672; ppageno 0'>
   <div class='ocr_carea' id='block_1_1' title="bbox 139 227 1959 271">
    <p class='ocr_par' dir='ltr' id='par_1_1' title="bbox 139 227 1959 271">
     <span class='ocr_line' id='line_1_1' title="bbox 139 227 1959 271; baseline 0.001 -3"><span class='ocrx_word' id='word_1_1' title='bbox 139 230 322 268; x_wconf 81' lang='lat' dir='ltr'><strong>VELIVS</strong></span> <span class='ocrx_word' id='word_1_2' title='bbox 1013 227 1101 271; x_wconf 81' lang='lat'><em>393</em></span> <span class='ocrx_word' id='word_1_3' title='bbox 1706 232 1959 271; x_wconf 85' lang='lat' dir='ltr'><strong>VELLEIVS</strong></span> 
     </span>
    </p>
   </div>
   <div class='ocr_carea' id='block_1_2' title="bbox 138 362 1968 3388">
    <p class='ocr_par' dir='ltr' id='par_1_2' title="bbox 222 362 1966 767">
     <span class='ocr_line' id='line_1_2' title="bbox 222 362 1966 422; baseline 0.001 -17"><span class='ocrx_word' id='word_1_4' title='bbox 222 362 342 406; x_wconf 85' lang='lat' dir='ltr'><strong><em>Idem</em></strong></span> <span class='ocrx_word' id='word_1_5' title='bbox 357 364 543 418; x_wconf 78' lang='lat' dir='ltr'><em>fortasse</em></span> <span class='ocrx_word' id='word_1_6' title='bbox 554 363 708 408; x_wconf 81' lang='lat' dir='ltr'><em>Velius</em></span> <span class='ocrx_word' id='word_1_7' title='bbox 724 364 875 419; x_wconf 82' lang='lat' dir='ltr'><em>Rufus,</em></span> <span class='ocrx_word' id='word_1_8' title='bbox 899 379 1029 422; x_wconf 90' lang='lat' dir='ltr'><em>quem</em></span> <span class='ocrx_word' id='word_1_9' title='bbox 1051 366 1166 409; x_wconf 86' lang='lat' dir='ltr'><em>inter</em></span> <span class='ocrx_word' id='word_1_10' title='bbox 1186 365 1381 409; x_wconf 83' lang='lat' dir='ltr'><em>homines</em></span> <span class='ocrx_word' id='word_1_11' title='bbox 1401 365 1600 410; x_wconf 83' lang='lat' dir='ltr'><strong>fortunae</strong></span> <span class='ocrx_word' id='word_1_12' title='bbox 1616 365 1966 409; x_wconf 85' lang='lat' dir='ltr'><em>vicissitudinem</em></span> 
     </span>
     <span class='ocr_line' id='line_1_3' title="bbox 228 433 1964 493; baseline 0.001 -18"><span class='ocrx_word' id='word_1_13' title='bbox 228 438 278 475; x_wconf 89' lang='lat' dir='ltr'><em>ut</em></span> <span class='ocrx_word' id='word_1_14' title='bbox 307 433 482 477; x_wconf 82' lang='lat' dir='ltr'><em>videtur</em></span> <span class='ocrx_word' id='word_1_15' title='bbox 510 441 712 492; x_wconf 87' lang='lat' dir='ltr'><em>expertos</em></span> <span class='ocrx_word' id='word_1_16' title='bbox 743 450 832 478; x_wconf 86' lang='lat' dir='ltr'><em>una</em></span> <span class='ocrx_word' id='word_1_17' title='bbox 861 450 960 478; x_wconf 92' lang='lat' dir='ltr'><em>cum</em></span> <span class='ocrx_word' id='word_1_18' title='bbox 986 436 1126 479; x_wconf 83' lang='lat' dir='ltr'><em>Fabio</em></span> <span class='ocrx_word' id='word_1_19' title='bbox 1159 435 1388 492; x_wconf 86' lang='lat' dir='ltr'><em>Catullino‚</em></span> <span class='ocrx_word' id='word_1_20' title='bbox 1421 437 1555 480; x_wconf 91' lang='lat' dir='ltr'><em>Lusio</em></span> <span class='ocrx_word' id='word_1_21' title='bbox 1583 437 1723 493; x_wconf 86' lang='lat' dir='ltr'><em>Lupo,</em></span> <span class='ocrx_word' id='word_1_22' title='bbox 1757 435 1964 479; x_wconf 87' lang='lat' dir='ltr'>Stertinio</span> 
     </span>
     <span class='ocr_line' id='line_1_4' title="bbox 228 504 1965 561; baseline 0.001 -17"><span class='ocrx_word' id='word_1_23' title='bbox 228 510 440 546; x_wconf 86' lang='lat' dir='ltr'><em>memorat</em></span> <span class='ocrx_word' id='word_1_24' title='bbox 471 504 538 547; x_wconf 87' lang='lat' dir='ltr'><em>M.</em></span> <span class='ocrx_word' id='word_1_25' title='bbox 569 505 777 548; x_wconf 75' lang='lat' dir='ltr'><em>Antonin.</em></span> <span class='ocrx_word' id='word_1_26' title='bbox 810 506 864 552; x_wconf 82' lang='grc' dir='ltr'><em>εἰς</em></span> <span class='ocrx_word' id='word_1_27' title='bbox 893 505 1033 549; x_wconf 85' lang='grc' dir='ltr'>ἑαυτόν</span> <span class='ocrx_word' id='word_1_28' title='bbox 1057 509 1126 561; x_wconf 90' lang='grc'><em>12,</em></span> <span class='ocrx_word' id='word_1_29' title='bbox 1148 509 1220 548; x_wconf 82' lang='grc'><em>27.</em></span> <span class='ocrx_word' id='word_1_30' title='bbox 1269 506 1344 559; x_wconf 89' lang='lat' dir='ltr'><em>(In</em></span> <span class='ocrx_word' id='word_1_31' title='bbox 1374 509 1402 548; x_wconf 96' lang='lat' dir='ltr'><em>t.</em></span> <span class='ocrx_word' id='word_1_32' title='bbox 1431 505 1624 549; x_wconf 79' lang='lat' dir='ltr'><em>Cretensi</em></span> <span class='ocrx_word' id='word_1_33' title='bbox 1654 520 1723 561; x_wconf 83' lang='lat' dir='ltr'><em>ap.</em></span> <span class='ocrx_word' id='word_1_34' title='bbox 1745 504 1965 548; x_wconf 79' lang='lat' dir='ltr'><em>Halbherr</em></span> 
     </span>
     <span class='ocr_line' id='line_1_5' title="bbox 230 569 1964 629; baseline 0.001 -16"><span class='ocrx_word' id='word_1_35' title='bbox 230 570 348 614; x_wconf 87' lang='lat' dir='ltr'><em>Mus.</em></span> <span class='ocrx_word' id='word_1_36' title='bbox 380 572 484 617; x_wconf 89' lang='lat' dir='ltr'><em>Ital.</em></span> <span class='ocrx_word' id='word_1_37' title='bbox 527 573 573 616; x_wconf 91' lang='lat' dir='ltr'><em>di</em></span> <span class='ocrx_word' id='word_1_38' title='bbox 613 573 821 616; x_wconf 77' lang='lat' dir='ltr'><em>antichita</em></span> <span class='ocrx_word' id='word_1_39' title='bbox 857 573 1036 617; x_wconf 88' lang='lat' dir='ltr'><em>classica</em></span> <span class='ocrx_word' id='word_1_40' title='bbox 1064 577 1104 625; x_wconf 88' lang='lat'><em>3,</em></span> <span class='ocrx_word' id='word_1_41' title='bbox 1146 577 1253 617; x_wconf 99' lang='grc'><em>1890</em></span> <span class='ocrx_word' id='word_1_42' title='bbox 1284 589 1332 629; x_wconf 92' lang='lat' dir='ltr'><em>p.</em></span> <span class='ocrx_word' id='word_1_43' title='bbox 1365 578 1446 618; x_wconf 88' lang='lat'><em>669</em></span> <span class='ocrx_word' id='word_1_44' title='bbox 1485 589 1570 618; x_wconf 90' lang='lat' dir='ltr'><em>non</em></span> <span class='ocrx_word' id='word_1_45' title='bbox 1611 573 1656 620; x_wconf 82' lang='lat' dir='ltr'><em>G.</em></span> <span class='ocrx_word' id='word_1_46' title='bbox 1689 574 1865 618; x_wconf 88' lang='lat' dir='ltr'><em>Vellium</em></span> <span class='ocrx_word' id='word_1_47' title='bbox 1899 569 1964 615; x_wconf 83' lang='lat' dir='ltr'><em>vel</em></span> 
     </span>
     <span class='ocr_line' id='line_1_6' title="bbox 227 638 1962 699; baseline 0.002 -18"><span class='ocrx_word' id='word_1_48' title='bbox 227 638 408 692; x_wconf 71' lang='lat' dir='ltr'><em>Veliam,</em></span> <span class='ocrx_word' id='word_1_49' title='bbox 439 641 514 684; x_wconf 88' lang='lat' dir='ltr'><em>sed</em></span> <span class='ocrx_word' id='word_1_50' title='bbox 543 640 618 685; x_wconf 82' lang='lat' dir='ltr'><em>Gn.</em></span> <span class='ocrx_word' id='word_1_51' title='bbox 646 641 858 685; x_wconf 81' lang='lat' dir='ltr'><em>Suellium</em></span> <span class='ocrx_word' id='word_1_52' title='bbox 888 642 1053 697; x_wconf 82' lang='lat' dir='ltr'><em>Rufum</em></span> <span class='ocrx_word' id='word_1_53' title='bbox 1081 644 1311 685; x_wconf 88' lang='lat' dir='ltr'><em>memorari</em></span> <span class='ocrx_word' id='word_1_54' title='bbox 1339 646 1449 686; x_wconf 89' lang='lat' dir='ltr'><em>recte</em></span> <span class='ocrx_word' id='word_1_55' title='bbox 1480 647 1589 698; x_wconf 90' lang='lat' dir='ltr'><em>puto</em></span> <span class='ocrx_word' id='word_1_56' title='bbox 1622 644 1772 699; x_wconf 90' lang='lat' dir='ltr'><em>posuit</em></span> <span class='ocrx_word' id='word_1_57' title='bbox 1811 642 1962 694; x_wconf 89' lang='lat' dir='ltr'><em>editor,</em></span> 
     </span>
     <span class='ocr_line' id='line_1_7' title="bbox 227 708 654 767; baseline 0.012 -17"><span class='ocrx_word' id='word_1_58' title='bbox 227 708 282 762; x_wconf 78' lang='lat' dir='ltr'><em>cf.</em></span> <span class='ocrx_word' id='word_1_59' title='bbox 312 721 448 763; x_wconf 88' lang='lat' dir='ltr'><em>supra</em></span> <span class='ocrx_word' id='word_1_60' title='bbox 477 710 512 754; x_wconf 82' lang='lat' dir='ltr'><em>S</em></span> <span class='ocrx_word' id='word_1_61' title='bbox 536 713 654 767; x_wconf 89' lang='grc'><em>692.)</em></span> 
     </span>
    </p>

    <p class='ocr_par' dir='ltr' id='par_1_3' title="bbox 138 776 1964 1245">
     <span class='ocr_line' id='line_1_8' title="bbox 138 776 1964 838; baseline 0.002 -19"><span class='ocrx_word' id='word_1_62' title='bbox 138 776 223 819; x_wconf 89' lang='grc'><em>229</em></span> <span class='ocrx_word' id='word_1_63' title='bbox 252 783 300 819; x_wconf 93' lang='lat' dir='ltr'><em>D.</em></span> <span class='ocrx_word' id='word_1_64' title='bbox 323 784 510 822; x_wconf 88' lang='lat' dir='ltr'><strong>VELIVS</strong></span> <span class='ocrx_word' id='word_1_65' title='bbox 532 785 694 822; x_wconf 87' lang='lat' dir='ltr'><strong>RVFVS</strong></span> <span class='ocrx_word' id='word_1_66' title='bbox 717 779 975 834; x_wconf 87' lang='lat' dir='ltr'><strong>(IVLIANVS</strong></span> <span class='ocrx_word' id='word_1_67' title='bbox 988 779 1029 834; x_wconf 66' lang='grc' dir='ltr'><em>Ρ)</em></span> <span class='ocrx_word' id='word_1_68' title='bbox 1061 781 1212 823; x_wconf 89' lang='lat' dir='ltr'><em>consul</em></span> <span class='ocrx_word' id='word_1_69' title='bbox 1238 781 1331 823; x_wconf 89' lang='lat' dir='ltr'><em>ord.</em></span> <span class='ocrx_word' id='word_1_70' title='bbox 1353 797 1391 824; x_wconf 88' lang='lat' dir='ltr'><em>a.</em></span> <span class='ocrx_word' id='word_1_71' title='bbox 1411 781 1492 824; x_wconf 85' lang='lat'><em>178</em></span> <span class='ocrx_word' id='word_1_72' title='bbox 1521 796 1619 824; x_wconf 91' lang='lat' dir='ltr'><em>cum</em></span> <span class='ocrx_word' id='word_1_73' title='bbox 1642 781 1735 826; x_wconf 86' lang='lat' dir='ltr'><em>Ser.</em></span> <span class='ocrx_word' id='word_1_74' title='bbox 1759 781 1964 838; x_wconf 79' lang='lat' dir='ltr'><em>Scipione</em></span> 
     </span>
     <span class='ocr_line' id='line_1_9' title="bbox 225 843 1963 901; baseline 0.003 -14"><span class='ocrx_word' id='word_1_75' title='bbox 225 843 364 887; x_wconf 86' lang='lat' dir='ltr'><em>Orfito</em></span> <span class='ocrx_word' id='word_1_76' title='bbox 382 845 444 901; x_wconf 82' lang='grc' dir='ltr'><em>(Ο</em></span> <span class='ocrx_word' id='word_1_77' title='bbox 456 845 586 895; x_wconf 91' lang='grc'><em>1280)</em></span> <span class='ocrx_word' id='word_1_78' title='bbox 602 847 723 901; x_wconf 80' lang='lat' dir='ltr'><em>fasti.</em></span> <span class='ocrx_word' id='word_1_79' title='bbox 738 872 795 877; x_wconf 84' lang='lat'><em>——</em></span> <span class='ocrx_word' id='word_1_80' title='bbox 811 847 965 890; x_wconf 87' lang='lat' dir='ltr'><em>Velius</em></span> <span class='ocrx_word' id='word_1_81' title='bbox 987 847 1127 891; x_wconf 87' lang='lat' dir='ltr'><em>Rufus</em></span> <span class='ocrx_word' id='word_1_82' title='bbox 1146 849 1219 891; x_wconf 80' lang='lat' dir='ltr'><em>vit.</em></span> <span class='ocrx_word' id='word_1_83' title='bbox 1236 848 1417 901; x_wconf 86' lang='lat' dir='ltr'><em>Comm.;</em></span> <span class='ocrx_word' id='word_1_84' title='bbox 1437 850 1483 892; x_wconf 89' lang='lat' dir='ltr'><em>in</em></span> <span class='ocrx_word' id='word_1_85' title='bbox 1504 850 1726 893; x_wconf 77' lang='lat' dir='ltr'><em>consulatu</em></span> <span class='ocrx_word' id='word_1_86' title='bbox 1742 849 1798 892; x_wconf 88' lang='lat' dir='ltr'><em>D.</em></span> <span class='ocrx_word' id='word_1_87' title='bbox 1810 849 1963 892; x_wconf 88' lang='lat' dir='ltr'><em>Velius</em></span> 
     </span>
     <span class='ocr_line' id='line_1_10' title="bbox 234 913 1963 974; baseline 0.003 -19"><span class='ocrx_word' id='word_1_88' title='bbox 234 913 373 956; x_wconf 86' lang='lat' dir='ltr'><em>Rufus</em></span> <span class='ocrx_word' id='word_1_89' title='bbox 414 914 516 970; x_wconf 80' lang='lat' dir='ltr'><em>di&#39;pl.</em></span> <span class='ocrx_word' id='word_1_90' title='bbox 556 915 644 958; x_wconf 86' lang='lat' dir='ltr'><em>mil.</em></span> <span class='ocrx_word' id='word_1_91' title='bbox 676 915 785 971; x_wconf 84' lang='lat' dir='ltr'><em>(III</em></span> <span class='ocrx_word' id='word_1_92' title='bbox 805 916 849 960; x_wconf 81' lang='lat' dir='ltr'><em>S.</em></span> <span class='ocrx_word' id='word_1_93' title='bbox 872 931 921 971; x_wconf 86' lang='lat' dir='ltr'><em>p.</em></span> <span class='ocrx_word' id='word_1_94' title='bbox 953 920 1080 974; x_wconf 85' lang='lat'><strong><em>1993)</em></strong></span> <span class='ocrx_word' id='word_1_95' title='bbox 1110 931 1147 960; x_wconf 81' lang='lat' dir='ltr'><em>v.</em></span> <span class='ocrx_word' id='word_1_96' title='bbox 1179 921 1249 969; x_wconf 89' lang='grc'><em>23,</em></span> <span class='ocrx_word' id='word_1_97' title='bbox 1282 918 1421 961; x_wconf 87' lang='lat' dir='ltr'><em>Rufus</em></span> <span class='ocrx_word' id='word_1_98' title='bbox 1452 919 1724 974; x_wconf 79' lang='lat' dir='ltr'><em>plerumque;</em></span> <span class='ocrx_word' id='word_1_99' title='bbox 1765 918 1963 962; x_wconf 89' lang='lat' dir='ltr'><em>Iulianus</em></span> 
     </span>
     <span class='ocr_line' id='line_1_11' title="bbox 227 982 1963 1043; baseline 0.003 -18"><span class='ocrx_word' id='word_1_100' title='bbox 227 982 296 1026; x_wconf 88' lang='lat' dir='ltr'><em>VI</em></span> <span class='ocrx_word' id='word_1_101' title='bbox 314 985 436 1028; x_wconf 86' lang='grc'><em>2382</em></span> <span class='ocrx_word' id='word_1_102' title='bbox 444 984 471 1034; x_wconf 66' lang='lat' dir='ltr'><em>b,</em></span> <span class='ocrx_word' id='word_1_103' title='bbox 517 984 631 1039; x_wconf 77' lang='lat' dir='ltr'><em>quod</em></span> <span class='ocrx_word' id='word_1_104' title='bbox 672 985 838 1028; x_wconf 81' lang='lat' dir='ltr'><em>videtur</em></span> <span class='ocrx_word' id='word_1_105' title='bbox 880 986 1065 1029; x_wconf 88' lang='lat' dir='ltr'><em>alterum</em></span> <span class='ocrx_word' id='word_1_106' title='bbox 1109 1001 1334 1042; x_wconf 73' lang='lat' dir='ltr'><em>coynomen</em></span> <span class='ocrx_word' id='word_1_107' title='bbox 1377 988 1484 1043; x_wconf 74' lang='lat' dir='ltr'><em>Rufi</em></span> <span class='ocrx_word' id='word_1_108' title='bbox 1527 989 1681 1042; x_wconf 82' lang='lat' dir='ltr'><em>fuisse,</em></span> <span class='ocrx_word' id='word_1_109' title='bbox 1727 989 1814 1031; x_wconf 87' lang='lat' dir='ltr'><em>nisi</em></span> <span class='ocrx_word' id='word_1_110' title='bbox 1852 989 1963 1042; x_wconf 82' lang='lat' dir='ltr'><em>forte</em></span> 
     </span>
     <span class='ocr_line' id='line_1_12' title="bbox 223 1051 1963 1111; baseline 0.004 -17"><span class='ocrx_word' id='word_1_111' title='bbox 223 1051 536 1106; x_wconf 86' lang='lat' dir='ltr'><em>quadratarius</em></span> <span class='ocrx_word' id='word_1_112' title='bbox 566 1054 726 1096; x_wconf 83' lang='lat' dir='ltr'><em>erravit</em></span> <span class='ocrx_word' id='word_1_113' title='bbox 756 1057 796 1096; x_wconf 86' lang='lat' dir='ltr'><em>et</em></span> <span class='ocrx_word' id='word_1_114' title='bbox 833 1054 965 1110; x_wconf 74' lang='lat' dir='ltr'><em>Orfiti</em></span> <span class='ocrx_word' id='word_1_115' title='bbox 1003 1055 1186 1111; x_wconf 73' lang='lat' dir='ltr'><em>colleyae</em></span> <span class='ocrx_word' id='word_1_116' title='bbox 1224 1056 1337 1110; x_wconf 83' lang='lat' dir='ltr'><em>falso</em></span> <span class='ocrx_word' id='word_1_117' title='bbox 1373 1070 1524 1100; x_wconf 90' lang='lat' dir='ltr'><em>nomen</em></span> <span class='ocrx_word' id='word_1_118' title='bbox 1563 1057 1741 1100; x_wconf 91' lang='lat' dir='ltr'><em>alterius</em></span> <span class='ocrx_word' id='word_1_119' title='bbox 1778 1072 1829 1101; x_wconf 76' lang='lat' dir='ltr'><em>ex</em></span> <span class='ocrx_word' id='word_1_120' title='bbox 1868 1072 1963 1101; x_wconf 88' lang='lat' dir='ltr'><em>con-</em></span> 
     </span>
     <span class='ocr_line' id='line_1_13' title="bbox 225 1120 1959 1181; baseline 0.003 -18"><span class='ocrx_word' id='word_1_121' title='bbox 225 1120 389 1164; x_wconf 83' lang='lat' dir='ltr'><em>sulibus</em></span> <span class='ocrx_word' id='word_1_122' title='bbox 419 1135 531 1164; x_wconf 93' lang='lat' dir='ltr'><em>anno</em></span> <span class='ocrx_word' id='word_1_123' title='bbox 561 1125 643 1165; x_wconf 84' lang='lat'><em>175</em></span> <span class='ocrx_word' id='word_1_124' title='bbox 673 1122 799 1166; x_wconf 82' lang='lat' dir='ltr'><em>dedit.</em></span> <span class='ocrx_word' id='word_1_125' title='bbox 830 1149 888 1154; x_wconf 84' lang='lat'><em>——</em></span> <span class='ocrx_word' id='word_1_126' title='bbox 915 1123 1063 1167; x_wconf 87' lang='lat' dir='ltr'><em>Filius</em></span> <span class='ocrx_word' id='word_1_127' title='bbox 1091 1125 1276 1179; x_wconf 82' lang='lat' dir='ltr'><em>fortasse</em></span> <span class='ocrx_word' id='word_1_128' title='bbox 1306 1126 1396 1168; x_wconf 87' lang='lat' dir='ltr'><em>eius</em></span> <span class='ocrx_word' id='word_1_129' title='bbox 1425 1127 1498 1180; x_wconf 78' lang='lat' dir='ltr'><em>qui</em></span> <span class='ocrx_word' id='word_1_130' title='bbox 1526 1126 1760 1181; x_wconf 88' lang='lat' dir='ltr'><em>praecedit.</em></span> <span class='ocrx_word' id='word_1_131' title='bbox 1824 1126 1959 1169; x_wconf 83' lang='lat' dir='ltr'><em>Inter-</em></span> 
     </span>
     <span class='ocr_line' id='line_1_14' title="bbox 225 1189 1449 1245; baseline 0.004 -13"><span class='ocrx_word' id='word_1_132' title='bbox 225 1189 365 1233; x_wconf 85' lang='lat' dir='ltr'><em>fectus</em></span> <span class='ocrx_word' id='word_1_133' title='bbox 395 1206 422 1232; x_wconf 88' lang='lat' dir='ltr'><em>a</em></span> <span class='ocrx_word' id='word_1_134' title='bbox 453 1189 690 1234; x_wconf 84' lang='lat' dir='ltr'><em>Commodo</em></span> <span class='ocrx_word' id='word_1_135' title='bbox 717 1193 834 1234; x_wconf 91' lang='lat' dir='ltr'><em>circa</em></span> <span class='ocrx_word' id='word_1_136' title='bbox 864 1208 901 1237; x_wconf 89' lang='lat' dir='ltr'><em>a.</em></span> <span class='ocrx_word' id='word_1_137' title='bbox 928 1193 1009 1235; x_wconf 84' lang='lat'><em>183</em></span> <span class='ocrx_word' id='word_1_138' title='bbox 1039 1194 1112 1236; x_wconf 83' lang='lat' dir='ltr'><em>vit.</em></span> <span class='ocrx_word' id='word_1_139' title='bbox 1140 1193 1297 1236; x_wconf 82' lang='lat' dir='ltr'><em>Oomm.</em></span> <span class='ocrx_word' id='word_1_140' title='bbox 1318 1197 1357 1245; x_wconf 89' lang='lat'><em>4,</em></span> <span class='ocrx_word' id='word_1_141' title='bbox 1383 1198 1449 1238; x_wconf 92' lang='grc'><em>10.</em></span> 
     </span>
    </p>

    <p class='ocr_par' dir='ltr' id='par_1_4' title="bbox 141 1258 1964 1527">
     <span class='ocr_line' id='line_1_15' title="bbox 142 1258 1962 1318; baseline 0.004 -18"><span class='ocrx_word' id='word_1_142' title='bbox 142 1258 226 1301; x_wconf 83' lang='grc'><em>230</em></span> <span class='ocrx_word' id='word_1_143' title='bbox 255 1264 413 1300; x_wconf 88' lang='lat' dir='ltr'><strong>VELIA</strong></span> <span class='ocrx_word' id='word_1_144' title='bbox 443 1266 658 1302; x_wconf 90' lang='lat' dir='ltr'><strong>PVMIDIA</strong></span> <span class='ocrx_word' id='word_1_145' title='bbox 688 1267 982 1303; x_wconf 91' lang='lat' dir='ltr'><strong>MAXIMILLA</strong></span> <span class='ocrx_word' id='word_1_146' title='bbox 1013 1262 1252 1305; x_wconf 85' lang='lat' dir='ltr'><em>clarissima</em></span> <span class='ocrx_word' id='word_1_147' title='bbox 1292 1263 1473 1318; x_wconf 88' lang='lat' dir='ltr'><em>femina,</em></span> <span class='ocrx_word' id='word_1_148' title='bbox 1519 1279 1632 1307; x_wconf 86' lang='lat' dir='ltr'><em>uxor</em></span> <span class='ocrx_word' id='word_1_149' title='bbox 1660 1263 1831 1307; x_wconf 83' lang='lat' dir='ltr'><em>Aurelii</em></span> <span class='ocrx_word' id='word_1_150' title='bbox 1862 1266 1962 1307; x_wconf 91' lang='lat' dir='ltr'><em>Pro-</em></span> 
     </span>
     <span class='ocr_line' id='line_1_16' title="bbox 225 1327 1905 1386; baseline 0.004 -17"><span class='ocrx_word' id='word_1_151' title='bbox 225 1328 379 1385; x_wconf 90' lang='lat' dir='ltr'><em>pinqui</em></span> <span class='ocrx_word' id='word_1_152' title='bbox 409 1329 493 1371; x_wconf 89' lang='lat' dir='ltr'><em>viri</em></span> <span class='ocrx_word' id='word_1_153' title='bbox 524 1327 752 1371; x_wconf 80' lang='lat' dir='ltr'><em>clarissimi</em></span> <span class='ocrx_word' id='word_1_154' title='bbox 783 1331 1073 1385; x_wconf 71' lang='lat' dir='ltr'><em>sarcophayus</em></span> <span class='ocrx_word' id='word_1_155' title='bbox 1104 1331 1341 1386; x_wconf 88' lang='lat' dir='ltr'><em>Nepesinus</em></span> <span class='ocrx_word' id='word_1_156' title='bbox 1372 1333 1441 1376; x_wconf 88' lang='lat' dir='ltr'><em>VI</em></span> <span class='ocrx_word' id='word_1_157' title='bbox 1456 1336 1563 1376; x_wconf 85' lang='lat'><strong><em>1536</em></strong></span> <span class='ocrx_word' id='word_1_158' title='bbox 1593 1353 1649 1369; x_wconf 87' lang='lat'>=</span> <span class='ocrx_word' id='word_1_159' title='bbox 1677 1333 1758 1377; x_wconf 82' lang='lat' dir='ltr'><em>XI</em></span> <span class='ocrx_word' id='word_1_160' title='bbox 1777 1337 1905 1377; x_wconf 90' lang='grc'><em>3204.</em></span> 
     </span>
     <span class='ocr_line' id='line_1_17' title="bbox 141 1397 1962 1458; baseline 0.004 -19"><span class='ocrx_word' id='word_1_161' title='bbox 141 1397 221 1440; x_wconf 83' lang='grc'><em>231</em></span> <span class='ocrx_word' id='word_1_162' title='bbox 254 1403 297 1442; x_wconf 90' lang='grc' dir='ltr'><em>Ρ.</em></span> <span class='ocrx_word' id='word_1_163' title='bbox 329 1404 607 1454; x_wconf 88' lang='lat' dir='ltr'><em>VELLAEVS,</em></span> <span class='ocrx_word' id='word_1_164' title='bbox 636 1413 675 1441; x_wconf 87' lang='lat' dir='ltr'><em>a.</em></span> <span class='ocrx_word' id='word_1_165' title='bbox 707 1400 757 1441; x_wconf 89' lang='lat'><em>21</em></span> <span class='ocrx_word' id='word_1_166' title='bbox 794 1401 1036 1442; x_wconf 84' lang='lat' dir='ltr'><em>exercitum</em></span> <span class='ocrx_word' id='word_1_167' title='bbox 1058 1401 1273 1444; x_wconf 79' lang='lat' dir='ltr'><em>Thraciae</em></span> <span class='ocrx_word' id='word_1_168' title='bbox 1304 1403 1554 1458; x_wconf 83' lang='lat' dir='ltr'><em>proximum</em></span> <span class='ocrx_word' id='word_1_169' title='bbox 1583 1403 1764 1458; x_wconf 81' lang='lat' dir='ltr'><em>regebat</em></span> <span class='ocrx_word' id='word_1_170' title='bbox 1800 1403 1899 1446; x_wconf 82' lang='lat' dir='ltr'><em>Tac.</em></span> <span class='ocrx_word' id='word_1_171' title='bbox 1922 1418 1962 1445; x_wconf 86' lang='lat' dir='ltr'><em>a.</em></span> 
     </span>
     <span class='ocr_line' id='line_1_18' title="bbox 224 1466 1964 1527; baseline 0.003 -18"><span class='ocrx_word' id='word_1_172' title='bbox 224 1469 265 1517; x_wconf 97' lang='lat'><strong><em>3,</em></strong></span> <span class='ocrx_word' id='word_1_173' title='bbox 285 1469 354 1511; x_wconf 89' lang='lat'><em>39.</em></span> <span class='ocrx_word' id='word_1_174' title='bbox 396 1466 572 1510; x_wconf 86' lang='lat' dir='ltr'><em>Videtur</em></span> <span class='ocrx_word' id='word_1_175' title='bbox 593 1468 726 1522; x_wconf 85' lang='lat' dir='ltr'><em>fuisse</em></span> <span class='ocrx_word' id='word_1_176' title='bbox 747 1468 909 1524; x_wconf 71' lang='lat' dir='ltr'><em>leyatus</em></span> <span class='ocrx_word' id='word_1_177' title='bbox 929 1471 1181 1524; x_wconf 86' lang='lat' dir='ltr'><em>praetorius</em></span> <span class='ocrx_word' id='word_1_178' title='bbox 1202 1472 1453 1525; x_wconf 83' lang='lat' dir='ltr'><em>provinciae</em></span> <span class='ocrx_word' id='word_1_179' title='bbox 1474 1472 1680 1523; x_wconf 82' lang='lat' dir='ltr'><em>Moesiae,</em></span> <span class='ocrx_word' id='word_1_180' title='bbox 1704 1473 1756 1526; x_wconf 76' lang='lat' dir='ltr'><em>cfi</em></span> <span class='ocrx_word' id='word_1_181' title='bbox 1778 1472 1964 1527; x_wconf 87' lang='lat' dir='ltr'><em>Nipper-</em></span> 
     </span>
    </p>

    <p class='ocr_par' dir='ltr' id='par_1_5' title="bbox 227 1535 1904 1596">
     <span class='ocr_line' id='line_1_19' title="bbox 227 1535 1904 1596; baseline 0.004 -18"><span class='ocrx_word' id='word_1_182' title='bbox 227 1535 304 1591; x_wconf 73' lang='lat' dir='ltr'><em>dey</em></span> <span class='ocrx_word' id='word_1_183' title='bbox 334 1536 393 1579; x_wconf 88' lang='lat' dir='ltr'><em>ad</em></span> <span class='ocrx_word' id='word_1_184' title='bbox 416 1536 516 1580; x_wconf 81' lang='lat' dir='ltr'><em>Tac.</em></span> <span class='ocrx_word' id='word_1_185' title='bbox 540 1551 581 1580; x_wconf 92' lang='lat' dir='ltr'><em>a.</em></span> <span class='ocrx_word' id='word_1_186' title='bbox 601 1540 640 1588; x_wconf 88' lang='lat'><strong><em>3,</em></strong></span> <span class='ocrx_word' id='word_1_187' title='bbox 662 1540 730 1582; x_wconf 87' lang='lat'><em>39.</em></span> <span class='ocrx_word' id='word_1_188' title='bbox 761 1542 801 1589; x_wconf 90' lang='lat'><em>4,</em></span> <span class='ocrx_word' id='word_1_189' title='bbox 821 1542 879 1580; x_wconf 86' lang='grc'><em>47</em></span> <span class='ocrx_word' id='word_1_190' title='bbox 886 1552 900 1590; x_wconf 89' lang='grc'><em>;</em></span> <span class='ocrx_word' id='word_1_191' title='bbox 928 1538 1246 1583; x_wconf 69' lang='lat' dir='ltr'><em>Domaseewslci</em></span> <span class='ocrx_word' id='word_1_192' title='bbox 1273 1554 1377 1584; x_wconf 88' lang='lat' dir='ltr'><em>mus.</em></span> <span class='ocrx_word' id='word_1_193' title='bbox 1405 1541 1542 1583; x_wconf 77' lang='lat' dir='ltr'><em>Rhen.</em></span> <span class='ocrx_word' id='word_1_194' title='bbox 1564 1544 1630 1592; x_wconf 88' lang='lat'><em>45,</em></span> <span class='ocrx_word' id='word_1_195' title='bbox 1661 1543 1772 1584; x_wconf 88' lang='grc'><em>1890</em></span> <span class='ocrx_word' id='word_1_196' title='bbox 1794 1557 1842 1596; x_wconf 89' lang='lat' dir='ltr'><em>p.</em></span> <span class='ocrx_word' id='word_1_197' title='bbox 1865 1544 1904 1584; x_wconf 85' lang='lat'><em>3.</em></span> 
     </span>
    </p>

    <p class='ocr_par' dir='ltr' id='par_1_6' title="bbox 141 1605 1968 2699">
     <span class='ocr_line' id='line_1_20' title="bbox 141 1605 1962 1662; baseline 0.004 -16"><span class='ocrx_word' id='word_1_198' title='bbox 141 1605 225 1647; x_wconf 84' lang='lat'><em>232</em></span> <span class='ocrx_word' id='word_1_199' title='bbox 254 1605 560 1660; x_wconf 89' lang='lat' dir='ltr'><strong>VELL(A)EVS</strong></span> <span class='ocrx_word' id='word_1_200' title='bbox 598 1611 765 1648; x_wconf 88' lang='lat' dir='ltr'>TVTOR</span> <span class='ocrx_word' id='word_1_201' title='bbox 806 1606 1014 1661; x_wconf 76' lang='lat' dir='ltr'><em>(traditur</em></span> <span class='ocrx_word' id='word_1_202' title='bbox 1054 1607 1250 1662; x_wconf 88' lang='lat' dir='ltr'><em>Velleus)</em></span> <span class='ocrx_word' id='word_1_203' title='bbox 1293 1609 1445 1651; x_wconf 90' lang='lat' dir='ltr'><em>consul</em></span> <span class='ocrx_word' id='word_1_204' title='bbox 1486 1624 1583 1652; x_wconf 87' lang='lat' dir='ltr'><em>cum</em></span> <span class='ocrx_word' id='word_1_205' title='bbox 1623 1610 1772 1652; x_wconf 81' lang='lat' dir='ltr'><em>Marco</em></span> <span class='ocrx_word' id='word_1_206' title='bbox 1814 1609 1962 1653; x_wconf 87' lang='lat' dir='ltr'><em>Silano</em></span> 
     </span>
     <span class='ocr_line' id='line_1_21' title="bbox 230 1673 1964 1732; baseline 0.003 -16"><span class='ocrx_word' id='word_1_207' title='bbox 230 1673 445 1729; x_wconf 77' lang='lat' dir='ltr'><em>Ulpianus</em></span> <span class='ocrx_word' id='word_1_208' title='bbox 470 1673 573 1730; x_wconf 73' lang='lat' dir='ltr'><em>Diy.</em></span> <span class='ocrx_word' id='word_1_209' title='bbox 600 1678 666 1726; x_wconf 83' lang='lat'><em>16,</em></span> <span class='ocrx_word' id='word_1_210' title='bbox 694 1679 733 1726; x_wconf 92' lang='lat'><em>1,</em></span> <span class='ocrx_word' id='word_1_211' title='bbox 759 1679 803 1726; x_wconf 90' lang='grc'><em>2,</em></span> <span class='ocrx_word' id='word_1_212' title='bbox 831 1679 881 1728; x_wconf 90' lang='grc'><em>1;</em></span> <span class='ocrx_word' id='word_1_213' title='bbox 912 1677 973 1718; x_wconf 86' lang='lat' dir='ltr'><em>eis</em></span> <span class='ocrx_word' id='word_1_214' title='bbox 1004 1677 1256 1720; x_wconf 88' lang='lat' dir='ltr'><em>consulibus</em></span> <span class='ocrx_word' id='word_1_215' title='bbox 1287 1685 1462 1721; x_wconf 86' lang='lat' dir='ltr'><em>senatus</em></span> <span class='ocrx_word' id='word_1_216' title='bbox 1494 1678 1739 1721; x_wconf 82' lang='lat' dir='ltr'><em>consultum</em></span> <span class='ocrx_word' id='word_1_217' title='bbox 1772 1679 1964 1732; x_wconf 84' lang='lat' dir='ltr'><em>(senatus</em></span> 
     </span>
     <span class='ocr_line' id='line_1_22' title="bbox 228 1742 1963 1803; baseline 0.003 -18"><span class='ocrx_word' id='word_1_218' title='bbox 228 1742 473 1786; x_wconf 88' lang='lat' dir='ltr'><em>consultum</em></span> <span class='ocrx_word' id='word_1_219' title='bbox 490 1742 764 1787; x_wconf 89' lang='lat' dir='ltr'><em>Velleianum</em></span> <span class='ocrx_word' id='word_1_220' title='bbox 778 1744 880 1800; x_wconf 70' lang='lat' dir='ltr'><em>Dz‘y.</em></span> <span class='ocrx_word' id='word_1_221' title='bbox 895 1748 961 1796; x_wconf 86' lang='lat'><em>16,</em></span> <span class='ocrx_word' id='word_1_222' title='bbox 979 1749 1019 1797; x_wconf 90' lang='lat'><em>1,</em></span> <span class='ocrx_word' id='word_1_223' title='bbox 1035 1749 1062 1789; x_wconf 94' lang='lat'><strong><em>1</em></strong></span> <span class='ocrx_word' id='word_1_224' title='bbox 1083 1749 1171 1797; x_wconf 74' lang='lat' dir='ltr'><em>cet„</em></span> <span class='ocrx_word' id='word_1_225' title='bbox 1195 1747 1282 1789; x_wconf 91' lang='lat' dir='ltr'><em>cod.</em></span> <span class='ocrx_word' id='word_1_226' title='bbox 1300 1748 1406 1790; x_wconf 89' lang='lat' dir='ltr'><em>Iust.</em></span> <span class='ocrx_word' id='word_1_227' title='bbox 1424 1751 1463 1799; x_wconf 89' lang='lat'><em>4,</em></span> <span class='ocrx_word' id='word_1_228' title='bbox 1481 1751 1553 1799; x_wconf 91' lang='grc'><em>29,</em></span> <span class='ocrx_word' id='word_1_229' title='bbox 1577 1747 1846 1790; x_wconf 88' lang='lat' dir='ltr'><em>Belleianum</em></span> <span class='ocrx_word' id='word_1_230' title='bbox 1861 1747 1963 1803; x_wconf 64' lang='lat' dir='ltr'><em>Dio.</em></span> 
     </span>
     <span class='ocr_line' id='line_1_23' title="bbox 226 1811 1964 1871; baseline 0.002 -16"><span class='ocrx_word' id='word_1_231' title='bbox 226 1811 314 1855; x_wconf 86' lang='lat' dir='ltr'><em>ind.</em></span> <span class='ocrx_word' id='word_1_232' title='bbox 325 1812 373 1855; x_wconf 89' lang='lat' dir='ltr'><em>F</em></span> <span class='ocrx_word' id='word_1_233' title='bbox 378 1812 475 1867; x_wconf 89' lang='lat' dir='ltr'><em>lor.)</em></span> <span class='ocrx_word' id='word_1_234' title='bbox 487 1812 663 1868; x_wconf 87' lang='lat' dir='ltr'><em>factum,</em></span> <span class='ocrx_word' id='word_1_235' title='bbox 682 1829 737 1856; x_wconf 89' lang='lat' dir='ltr'><em>ne</em></span> <span class='ocrx_word' id='word_1_236' title='bbox 753 1814 939 1857; x_wconf 89' lang='lat' dir='ltr'><em>feminae</em></span> <span class='ocrx_word' id='word_1_237' title='bbox 954 1830 1032 1871; x_wconf 92' lang='lat' dir='ltr'><em>pro</em></span> <span class='ocrx_word' id='word_1_238' title='bbox 1055 1814 1150 1858; x_wconf 88' lang='lat' dir='ltr'><em>aliis</em></span> <span class='ocrx_word' id='word_1_239' title='bbox 1166 1816 1496 1871; x_wconf 80' lang='lat' dir='ltr'><em>intercederent,</em></span> <span class='ocrx_word' id='word_1_240' title='bbox 1515 1832 1602 1859; x_wconf 91' lang='lat' dir='ltr'><em>non</em></span> <span class='ocrx_word' id='word_1_241' title='bbox 1617 1823 1717 1859; x_wconf 88' lang='lat' dir='ltr'><em>ante</em></span> <span class='ocrx_word' id='word_1_242' title='bbox 1734 1816 1964 1860; x_wconf 85' lang='lat' dir='ltr'><em>Claudium</em></span> 
     </span>
     <span class='ocr_line' id='line_1_24' title="bbox 228 1881 1968 1941; baseline 0.002 -17"><span class='ocrx_word' id='word_1_243' title='bbox 228 1881 271 1925; x_wconf 87' lang='lat' dir='ltr'><strong><em>U</em></strong></span> <span class='ocrx_word' id='word_1_244' title='bbox 273 1881 406 1937; x_wconf 84' lang='lat' dir='ltr'><em>lpian.</em></span> <span class='ocrx_word' id='word_1_245' title='bbox 437 1881 541 1937; x_wconf 73' lang='lat' dir='ltr'><em>Diy.</em></span> <span class='ocrx_word' id='word_1_246' title='bbox 575 1882 599 1925; x_wconf 93' lang='lat' dir='ltr'><em>l.</em></span> <span class='ocrx_word' id='word_1_247' title='bbox 631 1896 664 1925; x_wconf 90' lang='lat' dir='ltr'><em>c.</em></span> <span class='ocrx_word' id='word_1_248' title='bbox 729 1883 933 1926; x_wconf 81' lang='lat' dir='ltr'><em>Videntur</em></span> <span class='ocrx_word' id='word_1_249' title='bbox 961 1885 1096 1939; x_wconf 70' lang='lat' dir='ltr'><em>iyitur</em></span> <span class='ocrx_word' id='word_1_250' title='bbox 1124 1886 1314 1941; x_wconf 73' lang='lat' dir='ltr'><em>intelleyi</em></span> <span class='ocrx_word' id='word_1_251' title='bbox 1340 1900 1426 1929; x_wconf 90' lang='lat' dir='ltr'><em>non</em></span> <span class='ocrx_word' id='word_1_252' title='bbox 1454 1888 1506 1929; x_wconf 88' lang='lat' dir='ltr'><em>L.</em></span> <span class='ocrx_word' id='word_1_253' title='bbox 1539 1887 1693 1929; x_wconf 89' lang='lat' dir='ltr'><em>Iunius</em></span> <span class='ocrx_word' id='word_1_254' title='bbox 1722 1886 1898 1930; x_wconf 79' lang='lat' dir='ltr'><em>Silanus</em></span> <span class='ocrx_word' id='word_1_255' title='bbox 1929 1890 1968 1929; x_wconf 88' lang='lat' dir='ltr'><em>et</em></span> 
     </span>
     <span class='ocr_line' id='line_1_25' title="bbox 229 1949 1967 2010; baseline 0.003 -17"><span class='ocrx_word' id='word_1_256' title='bbox 229 1949 274 1994; x_wconf 81' lang='grc' dir='ltr'><em>Ο.</em></span> <span class='ocrx_word' id='word_1_257' title='bbox 311 1950 503 1994; x_wconf 88' lang='lat' dir='ltr'><em>Vellaeus</em></span> <span class='ocrx_word' id='word_1_258' title='bbox 539 1952 673 1994; x_wconf 85' lang='lat' dir='ltr'><em>Tutor</em></span> <span class='ocrx_word' id='word_1_259' title='bbox 713 1952 902 1996; x_wconf 88' lang='lat' dir='ltr'><em>consules</em></span> <span class='ocrx_word' id='word_1_260' title='bbox 943 1968 983 1996; x_wconf 93' lang='lat' dir='ltr'><em>a.</em></span> <span class='ocrx_word' id='word_1_261' title='bbox 1026 1955 1195 1997; x_wconf 79' lang='lat' dir='ltr'><em>circiter</em></span> <span class='ocrx_word' id='word_1_262' title='bbox 1224 1959 1285 1998; x_wconf 83' lang='grc'><em>27</em></span> <span class='ocrx_word' id='word_1_263' title='bbox 1315 1954 1379 2007; x_wconf 84' lang='lat' dir='ltr'><em>(id</em></span> <span class='ocrx_word' id='word_1_264' title='bbox 1407 1956 1519 2009; x_wconf 78' lang='lat' dir='ltr'><em>quod</em></span> <span class='ocrx_word' id='word_1_265' title='bbox 1545 1956 1678 1998; x_wconf 75' lang='lat' dir='ltr'><em>voluit</em></span> <span class='ocrx_word' id='word_1_266' title='bbox 1706 1955 1967 2010; x_wconf 77' lang='lat' dir='ltr'><em>Boryhesius</em></span> 
     </span>
     <span class='ocr_line' id='line_1_26' title="bbox 230 2022 1966 2080; baseline 0.002 -17"><span class='ocrx_word' id='word_1_267' title='bbox 230 2033 324 2074; x_wconf 79' lang='lat' dir='ltr'><em>opp.</em></span> <span class='ocrx_word' id='word_1_268' title='bbox 340 2022 380 2071; x_wconf 85' lang='lat'><em>5,</em></span> <span class='ocrx_word' id='word_1_269' title='bbox 397 2023 496 2071; x_wconf 90' lang='grc'><em>205,</em></span> <span class='ocrx_word' id='word_1_270' title='bbox 520 2024 765 2076; x_wconf 86' lang='lat' dir='ltr'><em>corruptum</em></span> <span class='ocrx_word' id='word_1_271' title='bbox 780 2022 977 2065; x_wconf 88' lang='lat' dir='ltr'><em>iudicans</em></span> <span class='ocrx_word' id='word_1_272' title='bbox 993 2023 1142 2067; x_wconf 85' lang='lat' dir='ltr'><em>Silani</em></span> <span class='ocrx_word' id='word_1_273' title='bbox 1149 2039 1426 2079; x_wconf 72' lang='lat' dir='ltr'><em>praenomen,</em></span> <span class='ocrx_word' id='word_1_274' title='bbox 1449 2028 1489 2068; x_wconf 82' lang='lat' dir='ltr'><em>et</em></span> <span class='ocrx_word' id='word_1_275' title='bbox 1500 2029 1730 2080; x_wconf 83' lang='lat' dir='ltr'><em>praeterea</em></span> <span class='ocrx_word' id='word_1_276' title='bbox 1747 2026 1966 2080; x_wconf 71' lang='lat' dir='ltr'><em>neyleyens</em></span> 
     </span>
     <span class='ocr_line' id='line_1_27' title="bbox 228 2088 1965 2148; baseline 0.004 -18"><span class='ocrx_word' id='word_1_277' title='bbox 228 2090 477 2132; x_wconf 80' lang='lat' dir='ltr'><em>mentionem</em></span> <span class='ocrx_word' id='word_1_278' title='bbox 499 2088 673 2133; x_wconf 82' lang='lat' dir='ltr'><em>Claudii</em></span> <span class='ocrx_word' id='word_1_279' title='bbox 691 2105 818 2144; x_wconf 80' lang='lat' dir='ltr'><em>quam</em></span> <span class='ocrx_word' id='word_1_280' title='bbox 838 2092 948 2145; x_wconf 81' lang='lat' dir='ltr'><em>facit</em></span> <span class='ocrx_word' id='word_1_281' title='bbox 976 2092 1218 2148; x_wconf 74' lang='lat' dir='ltr'><em>Ulpianus),</em></span> <span class='ocrx_word' id='word_1_282' title='bbox 1252 2093 1326 2136; x_wconf 91' lang='lat' dir='ltr'><em>sed</em></span> <span class='ocrx_word' id='word_1_283' title='bbox 1346 2095 1412 2136; x_wconf 88' lang='lat' dir='ltr'><em>M.</em></span> <span class='ocrx_word' id='word_1_284' title='bbox 1434 2095 1589 2137; x_wconf 87' lang='lat' dir='ltr'><em>Iunius</em></span> <span class='ocrx_word' id='word_1_285' title='bbox 1611 2095 1789 2137; x_wconf 79' lang='lat' dir='ltr'><em>Silanus</em></span> <span class='ocrx_word' id='word_1_286' title='bbox 1808 2093 1965 2148; x_wconf 81' lang='lat'><strong><em>(1553)</em></strong></span> 
     </span>
     <span class='ocr_line' id='line_1_28' title="bbox 230 2158 1966 2218; baseline 0.004 -19"><span class='ocrx_word' id='word_1_287' title='bbox 230 2158 375 2200; x_wconf 90' lang='lat' dir='ltr'><em>consul</em></span> <span class='ocrx_word' id='word_1_288' title='bbox 405 2173 444 2201; x_wconf 92' lang='lat' dir='ltr'><em>a.</em></span> <span class='ocrx_word' id='word_1_289' title='bbox 476 2162 530 2201; x_wconf 87' lang='lat'><em>46</em></span> <span class='ocrx_word' id='word_1_290' title='bbox 553 2173 636 2213; x_wconf 88' lang='lat' dir='ltr'><em>per</em></span> <span class='ocrx_word' id='word_1_291' title='bbox 664 2160 873 2214; x_wconf 74' lang='lat' dir='ltr'><em>inteyrum</em></span> <span class='ocrx_word' id='word_1_292' title='bbox 905 2175 1062 2203; x_wconf 87' lang='lat' dir='ltr'><em>annum</em></span> <span class='ocrx_word' id='word_1_293' title='bbox 1094 2165 1134 2204; x_wconf 91' lang='lat' dir='ltr'><em>et</em></span> <span class='ocrx_word' id='word_1_294' title='bbox 1173 2162 1363 2205; x_wconf 89' lang='lat' dir='ltr'><em>Vellaeus</em></span> <span class='ocrx_word' id='word_1_295' title='bbox 1399 2163 1529 2206; x_wconf 81' lang='lat' dir='ltr'><em>Tutor</em></span> <span class='ocrx_word' id='word_1_296' title='bbox 1561 2164 1716 2218; x_wconf 78' lang='lat' dir='ltr'><em>aliquis</em></span> <span class='ocrx_word' id='word_1_297' title='bbox 1735 2166 1966 2218; x_wconf 89' lang='lat' dir='ltr'><em>praeterea</em></span> 
     </span>
     <span class='ocr_line' id='line_1_29' title="bbox 229 2227 1964 2287; baseline 0.003 -18"><span class='ocrx_word' id='word_1_298' title='bbox 229 2227 397 2282; x_wconf 73' lang='lat' dir='ltr'><em>iynotus</em></span> <span class='ocrx_word' id='word_1_299' title='bbox 427 2228 587 2283; x_wconf 76' lang='lat' dir='ltr'><em>colleya</em></span> <span class='ocrx_word' id='word_1_300' title='bbox 618 2229 708 2270; x_wconf 83' lang='lat' dir='ltr'><em>eius</em></span> <span class='ocrx_word' id='word_1_301' title='bbox 730 2243 813 2283; x_wconf 83' lang='lat' dir='ltr'><em>per</em></span> <span class='ocrx_word' id='word_1_302' title='bbox 834 2233 1008 2283; x_wconf 84' lang='lat' dir='ltr'><em>partem</em></span> <span class='ocrx_word' id='word_1_303' title='bbox 1040 2231 1156 2281; x_wconf 81' lang='lat' dir='ltr'><em>anni,</em></span> <span class='ocrx_word' id='word_1_304' title='bbox 1188 2244 1401 2274; x_wconf 86' lang='lat' dir='ltr'><em>successor</em></span> <span class='ocrx_word' id='word_1_305' title='bbox 1418 2236 1521 2286; x_wconf 87' lang='lat' dir='ltr'><em>puto</em></span> <span class='ocrx_word' id='word_1_306' title='bbox 1543 2234 1590 2286; x_wconf 72' lang='lat' dir='ltr'><em>Q.</em></span> <span class='ocrx_word' id='word_1_307' title='bbox 1610 2232 1798 2287; x_wconf 77' lang='lat' dir='ltr'><em>Sulpicii</em></span> <span class='ocrx_word' id='word_1_308' title='bbox 1818 2232 1964 2275; x_wconf 83' lang='lat' dir='ltr'><em>Came-</em></span> 
     </span>
     <span class='ocr_line' id='line_1_30' title="bbox 229 2294 1964 2355; baseline 0.004 -18"><span class='ocrx_word' id='word_1_309' title='bbox 229 2296 342 2347; x_wconf 87' lang='lat' dir='ltr'><em>rini;</em></span> <span class='ocrx_word' id='word_1_310' title='bbox 373 2297 427 2350; x_wconf 83' lang='lat' dir='ltr'><em>cf.</em></span> <span class='ocrx_word' id='word_1_311' title='bbox 461 2296 699 2340; x_wconf 83' lang='lat' dir='ltr'><em>Mommsen</em></span> <span class='ocrx_word' id='word_1_312' title='bbox 729 2297 876 2340; x_wconf 87' lang='lat' dir='ltr'><em>Herm.</em></span> <span class='ocrx_word' id='word_1_313' title='bbox 908 2302 948 2349; x_wconf 88' lang='lat'><em>4,</em></span> <span class='ocrx_word' id='word_1_314' title='bbox 979 2302 1059 2342; x_wconf 86' lang='lat'><em>105</em></span> <span class='ocrx_word' id='word_1_315' title='bbox 1087 2303 1174 2342; x_wconf 91' lang='lat' dir='ltr'><em>not.</em></span> <span class='ocrx_word' id='word_1_316' title='bbox 1203 2294 1271 2343; x_wconf 68' lang='grc'><em>2.”</em></span> <span class='ocrx_word' id='word_1_317' title='bbox 1307 2300 1377 2343; x_wconf 85' lang='lat' dir='ltr'><em>Ab</em></span> <span class='ocrx_word' id='word_1_318' title='bbox 1410 2301 1563 2343; x_wconf 83' lang='lat' dir='ltr'><em>eisdem</em></span> <span class='ocrx_word' id='word_1_319' title='bbox 1584 2304 1693 2355; x_wconf 90' lang='lat' dir='ltr'><em>puto</em></span> <span class='ocrx_word' id='word_1_320' title='bbox 1723 2301 1964 2344; x_wconf 86' lang='lat' dir='ltr'><em>consulibus</em></span> 
     </span>
     <span class='ocr_line' id='line_1_31' title="bbox 232 2363 1965 2424; baseline 0.003 -18"><span class='ocrx_word' id='word_1_321' title='bbox 232 2364 325 2407; x_wconf 89' lang='lat' dir='ltr'><em>lata</em></span> <span class='ocrx_word' id='word_1_322' title='bbox 354 2363 427 2407; x_wconf 85' lang='lat' dir='ltr'><em>lex</em></span> <span class='ocrx_word' id='word_1_323' title='bbox 455 2366 584 2408; x_wconf 90' lang='lat' dir='ltr'><em>Iunia</em></span> <span class='ocrx_word' id='word_1_324' title='bbox 604 2365 786 2408; x_wconf 85' lang='lat' dir='ltr'><em>Vellaea</em></span> <span class='ocrx_word' id='word_1_325' title='bbox 816 2367 893 2422; x_wconf 88' lang='lat' dir='ltr'><em>(sic</em></span> <span class='ocrx_word' id='word_1_326' title='bbox 921 2366 1022 2411; x_wconf 78' lang='lat' dir='ltr'><em>Gai.</em></span> <span class='ocrx_word' id='word_1_327' title='bbox 1055 2368 1153 2410; x_wconf 86' lang='lat' dir='ltr'><em>inst.</em></span> <span class='ocrx_word' id='word_1_328' title='bbox 1174 2371 1218 2419; x_wconf 90' lang='grc'><em>2,</em></span> <span class='ocrx_word' id='word_1_329' title='bbox 1240 2372 1321 2411; x_wconf 90' lang='grc'><em>134</em></span> <span class='ocrx_word' id='word_1_330' title='bbox 1345 2389 1402 2404; x_wconf 85' lang='lat'>=</span> <span class='ocrx_word' id='word_1_331' title='bbox 1428 2369 1533 2424; x_wconf 74' lang='lat' dir='ltr'><em>Diy.</em></span> <span class='ocrx_word' id='word_1_332' title='bbox 1564 2372 1636 2421; x_wconf 87' lang='grc'><em>28,</em></span> <span class='ocrx_word' id='word_1_333' title='bbox 1668 2374 1708 2421; x_wconf 88' lang='grc'><em>3,</em></span> <span class='ocrx_word' id='word_1_334' title='bbox 1742 2373 1806 2421; x_wconf 94' lang='grc'><em>13,</em></span> <span class='ocrx_word' id='word_1_335' title='bbox 1838 2371 1965 2412; x_wconf 88' lang='lat' dir='ltr'><em>Iunia</em></span> 
     </span>
     <span class='ocr_line' id='line_1_32' title="bbox 230 2432 1962 2492; baseline 0.002 -15"><span class='ocrx_word' id='word_1_336' title='bbox 230 2432 400 2477; x_wconf 86' lang='lat' dir='ltr'><em>Velleia</em></span> <span class='ocrx_word' id='word_1_337' title='bbox 425 2434 533 2478; x_wconf 91' lang='lat' dir='ltr'><em>Iust.</em></span> <span class='ocrx_word' id='word_1_338' title='bbox 566 2436 663 2480; x_wconf 86' lang='lat' dir='ltr'><em>inst.</em></span> <span class='ocrx_word' id='word_1_339' title='bbox 694 2438 739 2486; x_wconf 91' lang='grc'><em>2,</em></span> <span class='ocrx_word' id='word_1_340' title='bbox 761 2439 829 2486; x_wconf 89' lang='grc'><em>13,</em></span> <span class='ocrx_word' id='word_1_341' title='bbox 852 2440 895 2487; x_wconf 91' lang='grc'><em>2,</em></span> <span class='ocrx_word' id='word_1_342' title='bbox 930 2435 1111 2479; x_wconf 87' lang='lat' dir='ltr'><em>Vellaea</em></span> <span class='ocrx_word' id='word_1_343' title='bbox 1138 2436 1242 2492; x_wconf 74' lang='lat' dir='ltr'><em>Diy.</em></span> <span class='ocrx_word' id='word_1_344' title='bbox 1273 2441 1344 2489; x_wconf 89' lang='grc'><em>28,</em></span> <span class='ocrx_word' id='word_1_345' title='bbox 1369 2442 1413 2490; x_wconf 89' lang='grc'><em>2,</em></span> <span class='ocrx_word' id='word_1_346' title='bbox 1435 2442 1508 2482; x_wconf 91' lang='grc'><em>29.</em></span> <span class='ocrx_word' id='word_1_347' title='bbox 1539 2442 1610 2490; x_wconf 92' lang='grc'><em>28,</em></span> <span class='ocrx_word' id='word_1_348' title='bbox 1633 2442 1672 2490; x_wconf 90' lang='grc'><em>3,</em></span> <span class='ocrx_word' id='word_1_349' title='bbox 1692 2442 1731 2484; x_wconf 91' lang='grc'><em>3.</em></span> <span class='ocrx_word' id='word_1_350' title='bbox 1763 2441 1836 2490; x_wconf 90' lang='grc'><em>28,</em></span> <span class='ocrx_word' id='word_1_351' title='bbox 1859 2442 1897 2488; x_wconf 92' lang='grc'><em>6,</em></span> <span class='ocrx_word' id='word_1_352' title='bbox 1918 2443 1962 2489; x_wconf 94' lang='grc'><em>2,</em></span> 
     </span>
     <span class='ocr_line' id='line_1_33' title="bbox 232 2501 1964 2563; baseline 0.003 -19"><span class='ocrx_word' id='word_1_353' title='bbox 232 2501 319 2546; x_wconf 88' lang='lat' dir='ltr'><em>cod.</em></span> <span class='ocrx_word' id='word_1_354' title='bbox 341 2502 451 2547; x_wconf 84' lang='lat' dir='ltr'><em>Iust.</em></span> <span class='ocrx_word' id='word_1_355' title='bbox 470 2507 510 2554; x_wconf 90' lang='lat'><em>3,</em></span> <span class='ocrx_word' id='word_1_356' title='bbox 532 2507 604 2555; x_wconf 88' lang='grc'><em>28,</em></span> <span class='ocrx_word' id='word_1_357' title='bbox 627 2506 712 2561; x_wconf 88' lang='grc'><em>34),</em></span> <span class='ocrx_word' id='word_1_358' title='bbox 745 2518 831 2559; x_wconf 87' lang='lat' dir='ltr'><em>qua</em></span> <span class='ocrx_word' id='word_1_359' title='bbox 853 2506 1097 2548; x_wconf 86' lang='lat' dir='ltr'><em>institutum</em></span> <span class='ocrx_word' id='word_1_360' title='bbox 1124 2513 1172 2549; x_wconf 86' lang='lat' dir='ltr'><em>ut</em></span> <span class='ocrx_word' id='word_1_361' title='bbox 1203 2513 1422 2563; x_wconf 86' lang='lat' dir='ltr'><em>postumos</em></span> <span class='ocrx_word' id='word_1_362' title='bbox 1444 2507 1512 2549; x_wconf 90' lang='lat' dir='ltr'><em>vel</em></span> <span class='ocrx_word' id='word_1_363' title='bbox 1537 2507 1717 2549; x_wconf 86' lang='lat' dir='ltr'><em>heredes</em></span> <span class='ocrx_word' id='word_1_364' title='bbox 1740 2509 1964 2550; x_wconf 83' lang='lat' dir='ltr'><em>instituere</em></span> 
     </span>
     <span class='ocr_line' id='line_1_34' title="bbox 233 2570 1965 2630; baseline 0.004 -19"><span class='ocrx_word' id='word_1_365' title='bbox 233 2570 304 2612; x_wconf 88' lang='lat' dir='ltr'><em>vel</em></span> <span class='ocrx_word' id='word_1_366' title='bbox 335 2571 604 2615; x_wconf 84' lang='lat' dir='ltr'><em>exheredare</em></span> <span class='ocrx_word' id='word_1_367' title='bbox 633 2571 784 2615; x_wconf 88' lang='lat' dir='ltr'><em>liceret</em></span> <span class='ocrx_word' id='word_1_368' title='bbox 820 2573 911 2616; x_wconf 78' lang='lat' dir='ltr'><em>Gai</em></span> <span class='ocrx_word' id='word_1_369' title='bbox 939 2575 1036 2616; x_wconf 88' lang='lat' dir='ltr'><em>inst.</em></span> <span class='ocrx_word' id='word_1_370' title='bbox 1070 2575 1096 2616; x_wconf 93' lang='lat' dir='ltr'><em>l.</em></span> <span class='ocrx_word' id='word_1_371' title='bbox 1129 2588 1177 2625; x_wconf 86' lang='lat' dir='ltr'><em>c.,</em></span> <span class='ocrx_word' id='word_1_372' title='bbox 1207 2578 1281 2618; x_wconf 85' lang='lat' dir='ltr'><em>cet.</em></span> <span class='ocrx_word' id='word_1_373' title='bbox 1304 2601 1356 2604; x_wconf 97' lang='lat'><strong>—</strong></span> <span class='ocrx_word' id='word_1_374' title='bbox 1378 2575 1545 2618; x_wconf 86' lang='lat' dir='ltr'><em>Filium</em></span> <span class='ocrx_word' id='word_1_375' title='bbox 1567 2579 1699 2630; x_wconf 90' lang='lat' dir='ltr'><em>putat</em></span> <span class='ocrx_word' id='word_1_376' title='bbox 1720 2576 1965 2630; x_wconf 74' lang='lat' dir='ltr'><em>Nipperdey</em></span> 
     </span>
     <span class='ocr_line' id='line_1_35' title="bbox 232 2639 1801 2699; baseline 0.003 -17"><span class='ocrx_word' id='word_1_377' title='bbox 232 2639 308 2695; x_wconf 89' lang='lat' dir='ltr'><em>(ad</em></span> <span class='ocrx_word' id='word_1_378' title='bbox 340 2640 439 2683; x_wconf 86' lang='lat' dir='ltr'><em>Tac.</em></span> <span class='ocrx_word' id='word_1_379' title='bbox 471 2655 512 2683; x_wconf 92' lang='lat' dir='ltr'><em>a.</em></span> <span class='ocrx_word' id='word_1_380' title='bbox 542 2644 582 2693; x_wconf 89' lang='lat'><em>3,</em></span> <span class='ocrx_word' id='word_1_381' title='bbox 606 2642 678 2696; x_wconf 86' lang='lat'><em>39)</em></span> <span class='ocrx_word' id='word_1_382' title='bbox 710 2645 787 2684; x_wconf 90' lang='lat' dir='ltr'><em>aut</em></span> <span class='ocrx_word' id='word_1_383' title='bbox 815 2643 904 2685; x_wconf 88' lang='lat' dir='ltr'><em>eius</em></span> <span class='ocrx_word' id='word_1_384' title='bbox 932 2644 1007 2697; x_wconf 78' lang='lat' dir='ltr'><em>qui</em></span> <span class='ocrx_word' id='word_1_385' title='bbox 1026 2643 1250 2698; x_wconf 91' lang='lat' dir='ltr'><em>praecedit</em></span> <span class='ocrx_word' id='word_1_386' title='bbox 1280 2648 1354 2687; x_wconf 88' lang='lat' dir='ltr'><em>aut</em></span> <span class='ocrx_word' id='word_1_387' title='bbox 1384 2646 1472 2688; x_wconf 88' lang='lat' dir='ltr'><em>eius</em></span> <span class='ocrx_word' id='word_1_388' title='bbox 1498 2646 1573 2699; x_wconf 76' lang='lat' dir='ltr'><em>qui</em></span> <span class='ocrx_word' id='word_1_389' title='bbox 1601 2645 1801 2699; x_wconf 81' lang='lat' dir='ltr'><em>sequitur.</em></span> 
     </span>
    </p>

    <p class='ocr_par' dir='ltr' id='par_1_7' title="bbox 146 2709 1966 3247">
     <span class='ocr_line' id='line_1_36' title="bbox 146 2709 1962 2769; baseline 0.003 -18"><span class='ocrx_word' id='word_1_390' title='bbox 146 2709 230 2752; x_wconf 85' lang='lat'><em>233</em></span> <span class='ocrx_word' id='word_1_391' title='bbox 262 2715 304 2751; x_wconf 84' lang='lat' dir='ltr'><em>C.</em></span> <span class='ocrx_word' id='word_1_392' title='bbox 332 2716 599 2753; x_wconf 89' lang='lat' dir='ltr'><strong>VELLAEVS</strong></span> <span class='ocrx_word' id='word_1_393' title='bbox 631 2716 798 2754; x_wconf 88' lang='lat' dir='ltr'>TVTOR</span> <span class='ocrx_word' id='word_1_394' title='bbox 828 2711 978 2754; x_wconf 86' lang='lat' dir='ltr'><em>consul</em></span> <span class='ocrx_word' id='word_1_395' title='bbox 1009 2712 1106 2755; x_wconf 85' lang='lat' dir='ltr'><em>suff.</em></span> <span class='ocrx_word' id='word_1_396' title='bbox 1139 2728 1235 2755; x_wconf 91' lang='lat' dir='ltr'><em>cum</em></span> <span class='ocrx_word' id='word_1_397' title='bbox 1257 2714 1307 2758; x_wconf 91' lang='lat' dir='ltr'><em>L.</em></span> <span class='ocrx_word' id='word_1_398' title='bbox 1331 2714 1457 2756; x_wconf 89' lang='lat' dir='ltr'><em>Iunio</em></span> <span class='ocrx_word' id='word_1_399' title='bbox 1481 2713 1628 2756; x_wconf 76' lang='lat' dir='ltr'><em>Silano</em></span> <span class='ocrx_word' id='word_1_400' title='bbox 1650 2714 1801 2769; x_wconf 89' lang='lat' dir='ltr'><em>(supra</em></span> <span class='ocrx_word' id='word_1_401' title='bbox 1820 2714 1853 2756; x_wconf 93' lang='lat' dir='ltr'><strong><em>I</em></strong></span> <span class='ocrx_word' id='word_1_402' title='bbox 1864 2714 1962 2768; x_wconf 87' lang='grc'><em>548)</em></span> 
     </span>
     <span class='ocr_line' id='line_1_37' title="bbox 232 2777 1964 2837; baseline 0.003 -17"><span class='ocrx_word' id='word_1_403' title='bbox 232 2777 408 2821; x_wconf 88' lang='lat' dir='ltr'><em>flamine</em></span> <span class='ocrx_word' id='word_1_404' title='bbox 437 2779 629 2822; x_wconf 86' lang='lat' dir='ltr'><em>Martiali</em></span> <span class='ocrx_word' id='word_1_405' title='bbox 661 2781 778 2823; x_wconf 90' lang='lat' dir='ltr'><em>circa</em></span> <span class='ocrx_word' id='word_1_406' title='bbox 807 2796 846 2825; x_wconf 90' lang='lat' dir='ltr'><em>a.</em></span> <span class='ocrx_word' id='word_1_407' title='bbox 869 2781 923 2824; x_wconf 89' lang='grc'><em>27</em></span> <span class='ocrx_word' id='word_1_408' title='bbox 956 2781 1085 2837; x_wconf 88' lang='lat' dir='ltr'><em>(anno</em></span> <span class='ocrx_word' id='word_1_409' title='bbox 1108 2785 1167 2825; x_wconf 91' lang='grc'><em>26</em></span> <span class='ocrx_word' id='word_1_410' title='bbox 1195 2785 1243 2824; x_wconf 88' lang='lat' dir='ltr'><em>ut</em></span> <span class='ocrx_word' id='word_1_411' title='bbox 1263 2786 1385 2837; x_wconf 88' lang='lat' dir='ltr'><em>puto,</em></span> <span class='ocrx_word' id='word_1_412' title='bbox 1419 2784 1474 2837; x_wconf 80' lang='lat' dir='ltr'><em>cf.</em></span> <span class='ocrx_word' id='word_1_413' title='bbox 1495 2797 1629 2837; x_wconf 71' lang='lat' dir='ltr'><em>supra</em></span> <span class='ocrx_word' id='word_1_414' title='bbox 1658 2783 1734 2825; x_wconf 86' lang='lat' dir='ltr'><em>sub</em></span> <span class='ocrx_word' id='word_1_415' title='bbox 1761 2783 1814 2825; x_wconf 91' lang='lat' dir='ltr'><em>L.</em></span> <span class='ocrx_word' id='word_1_416' title='bbox 1836 2783 1964 2825; x_wconf 82' lang='lat' dir='ltr'><em>Iunio</em></span> 
     </span>
     <span class='ocr_line' id='line_1_38' title="bbox 231 2846 1965 2905; baseline 0.002 -16"><span class='ocrx_word' id='word_1_417' title='bbox 231 2846 399 2904; x_wconf 81' lang='lat' dir='ltr'><em>Silano)</em></span> <span class='ocrx_word' id='word_1_418' title='bbox 430 2863 579 2891; x_wconf 86' lang='lat' dir='ltr'><em>mense</em></span> <span class='ocrx_word' id='word_1_419' title='bbox 599 2849 708 2891; x_wconf 90' lang='lat' dir='ltr'><em>Dec.</em></span> <span class='ocrx_word' id='word_1_420' title='bbox 744 2849 922 2893; x_wconf 78' lang='lat' dir='ltr'><em>V4921.</em></span> <span class='ocrx_word' id='word_1_421' title='bbox 952 2853 1069 2895; x_wconf 90' lang='grc'><em>4922</em></span> <span class='ocrx_word' id='word_1_422' title='bbox 1099 2851 1299 2905; x_wconf 81' lang='lat' dir='ltr'><em>(fortasse</em></span> <span class='ocrx_word' id='word_1_423' title='bbox 1334 2853 1387 2894; x_wconf 87' lang='lat' dir='ltr'><em>ab</em></span> <span class='ocrx_word' id='word_1_424' title='bbox 1419 2853 1485 2895; x_wconf 78' lang='lat' dir='ltr'><em>his</em></span> <span class='ocrx_word' id='word_1_425' title='bbox 1507 2852 1747 2895; x_wconf 87' lang='lat' dir='ltr'><em>consulibus</em></span> <span class='ocrx_word' id='word_1_426' title='bbox 1778 2851 1869 2894; x_wconf 90' lang='lat' dir='ltr'><em>lata</em></span> <span class='ocrx_word' id='word_1_427' title='bbox 1900 2851 1965 2893; x_wconf 75' lang='lat' dir='ltr'><em>lex</em></span> 
     </span>
     <span class='ocr_line' id='line_1_39' title="bbox 233 2916 1965 2975; baseline 0.002 -17"><span class='ocrx_word' id='word_1_428' title='bbox 233 2916 367 2959; x_wconf 88' lang='lat' dir='ltr'><em>Iunia</em></span> <span class='ocrx_word' id='word_1_429' title='bbox 402 2916 587 2969; x_wconf 86' lang='lat' dir='ltr'><em>Vellaea,</em></span> <span class='ocrx_word' id='word_1_430' title='bbox 619 2919 668 2961; x_wconf 89' lang='lat' dir='ltr'><em>de</em></span> <span class='ocrx_word' id='word_1_431' title='bbox 699 2933 783 2973; x_wconf 79' lang='lat' dir='ltr'><em>qua</em></span> <span class='ocrx_word' id='word_1_432' title='bbox 815 2920 869 2973; x_wconf 78' lang='lat' dir='ltr'><em>cf.</em></span> <span class='ocrx_word' id='word_1_433' title='bbox 901 2920 978 2962; x_wconf 84' lang='lat' dir='ltr'><em>sub</em></span> <span class='ocrx_word' id='word_1_434' title='bbox 1009 2934 1055 2962; x_wconf 85' lang='lat' dir='ltr'><em>eo</em></span> <span class='ocrx_word' id='word_1_435' title='bbox 1086 2921 1160 2975; x_wconf 77' lang='lat' dir='ltr'><em>qui</em></span> <span class='ocrx_word' id='word_1_436' title='bbox 1189 2921 1433 2975; x_wconf 89' lang='lat' dir='ltr'><em>praecedit;</em></span> <span class='ocrx_word' id='word_1_437' title='bbox 1474 2925 1654 2964; x_wconf 88' lang='lat' dir='ltr'><em>ceterum</em></span> <span class='ocrx_word' id='word_1_438' title='bbox 1683 2921 1803 2963; x_wconf 89' lang='lat' dir='ltr'><em>nulla</em></span> <span class='ocrx_word' id='word_1_439' title='bbox 1833 2933 1965 2963; x_wconf 87' lang='lat' dir='ltr'><em>causa</em></span> 
     </span>
     <span class='ocr_line' id='line_1_40' title="bbox 236 2985 1966 3044; baseline 0.002 -16"><span class='ocrx_word' id='word_1_440' title='bbox 236 2999 312 3028; x_wconf 87' lang='lat' dir='ltr'><em>cur</em></span> <span class='ocrx_word' id='word_1_441' title='bbox 340 2985 451 3029; x_wconf 78' lang='lat' dir='ltr'><em>hanc</em></span> <span class='ocrx_word' id='word_1_442' title='bbox 481 2986 609 3042; x_wconf 76' lang='lat' dir='ltr'><em>leyem</em></span> <span class='ocrx_word' id='word_1_443' title='bbox 647 3002 734 3030; x_wconf 88' lang='lat' dir='ltr'><em>non</em></span> <span class='ocrx_word' id='word_1_444' title='bbox 774 2988 828 3030; x_wconf 85' lang='lat' dir='ltr'><em>ab</em></span> <span class='ocrx_word' id='word_1_445' title='bbox 869 2988 1018 3031; x_wconf 85' lang='lat' dir='ltr'><em>iisdem</em></span> <span class='ocrx_word' id='word_1_446' title='bbox 1062 2989 1304 3032; x_wconf 84' lang='lat' dir='ltr'><em>consulibus</em></span> <span class='ocrx_word' id='word_1_447' title='bbox 1344 2990 1478 3032; x_wconf 88' lang='lat' dir='ltr'><em>latam</em></span> <span class='ocrx_word' id='word_1_448' title='bbox 1509 2993 1708 3044; x_wconf 87' lang='lat' dir='ltr'><em>putemus</em></span> <span class='ocrx_word' id='word_1_449' title='bbox 1748 3004 1776 3032; x_wconf 90' lang='lat' dir='ltr'><em>a</em></span> <span class='ocrx_word' id='word_1_450' title='bbox 1814 2990 1966 3043; x_wconf 81' lang='lat' dir='ltr'><em>quibus</em></span> 
     </span>
     <span class='ocr_line' id='line_1_41' title="bbox 235 3055 1965 3112; baseline 0.002 -15"><span class='ocrx_word' id='word_1_451' title='bbox 235 3055 399 3109; x_wconf 80' lang='lat' dir='ltr'><em>factum</em></span> <span class='ocrx_word' id='word_1_452' title='bbox 417 3059 590 3099; x_wconf 88' lang='lat' dir='ltr'><em>senatus</em></span> <span class='ocrx_word' id='word_1_453' title='bbox 611 3056 875 3110; x_wconf 89' lang='lat' dir='ltr'><em>consultum).</em></span> <span class='ocrx_word' id='word_1_454' title='bbox 895 3081 952 3086; x_wconf 89' lang='lat'>—</span> <span class='ocrx_word' id='word_1_455' title='bbox 972 3057 1066 3099; x_wconf 86' lang='lat' dir='ltr'><em>Aut</em></span> <span class='ocrx_word' id='word_1_456' title='bbox 1084 3057 1210 3100; x_wconf 80' lang='lat' dir='ltr'><em>huius</em></span> <span class='ocrx_word' id='word_1_457' title='bbox 1230 3062 1306 3101; x_wconf 91' lang='lat' dir='ltr'><em>aut</em></span> <span class='ocrx_word' id='word_1_458' title='bbox 1326 3059 1415 3101; x_wconf 89' lang='lat' dir='ltr'><em>eius</em></span> <span class='ocrx_word' id='word_1_459' title='bbox 1444 3059 1518 3112; x_wconf 78' lang='lat' dir='ltr'><em>qui</em></span> <span class='ocrx_word' id='word_1_460' title='bbox 1537 3058 1760 3112; x_wconf 81' lang='lat' dir='ltr'><em>praecedit</em></span> <span class='ocrx_word' id='word_1_461' title='bbox 1791 3058 1965 3100; x_wconf 85' lang='lat' dir='ltr'><em>libertus</em></span> 
     </span>
     <span class='ocr_line' id='line_1_42' title="bbox 234 3124 1964 3183; baseline 0.002 -18"><span class='ocrx_word' id='word_1_462' title='bbox 234 3126 300 3177; x_wconf 87' lang='lat' dir='ltr'><em>(ut</em></span> <span class='ocrx_word' id='word_1_463' title='bbox 339 3124 515 3166; x_wconf 86' lang='lat' dir='ltr'><em>coniecit</em></span> <span class='ocrx_word' id='word_1_464' title='bbox 556 3124 820 3180; x_wconf 75' lang='lat' dir='ltr'><em>Nipperdey)</em></span> <span class='ocrx_word' id='word_1_465' title='bbox 856 3124 903 3168; x_wconf 84' lang='lat' dir='ltr'><em>C.</em></span> <span class='ocrx_word' id='word_1_466' title='bbox 936 3124 1139 3168; x_wconf 87' lang='lat' dir='ltr'><em>Vellaeus</em></span> <span class='ocrx_word' id='word_1_467' title='bbox 1175 3126 1224 3169; x_wconf 79' lang='lat' dir='ltr'><em>O.</em></span> <span class='ocrx_word' id='word_1_468' title='bbox 1261 3126 1335 3169; x_wconf 91' lang='lat' dir='ltr'><em>lib.</em></span> <span class='ocrx_word' id='word_1_469' title='bbox 1373 3127 1526 3180; x_wconf 88' lang='lat' dir='ltr'><em>Ursio,</em></span> <span class='ocrx_word' id='word_1_470' title='bbox 1563 3133 1686 3183; x_wconf 84' lang='lat' dir='ltr'><em>pater</em></span> <span class='ocrx_word' id='word_1_471' title='bbox 1727 3126 1964 3170; x_wconf 85' lang='lat' dir='ltr'><em>Tutorinae</em></span> 
     </span>
     <span class='ocr_line' id='line_1_43' title="bbox 235 3188 678 3247; baseline 0.002 -13"><span class='ocrx_word' id='word_1_472' title='bbox 235 3188 312 3234; x_wconf 88' lang='lat' dir='ltr'><em>1X</em></span> <span class='ocrx_word' id='word_1_473' title='bbox 336 3194 417 3235; x_wconf 87' lang='lat'><strong><em>351</em></strong></span> <span class='ocrx_word' id='word_1_474' title='bbox 446 3192 678 3247; x_wconf 79' lang='lat' dir='ltr'><em>(Canusii).</em></span> 
     </span>
    </p>

    <p class='ocr_par' dir='ltr' id='par_1_8' title="bbox 150 3266 1963 3388">
     <span class='ocr_line' id='line_1_44' title="bbox 165 3266 1016 3305; baseline 0.002 -3"><span class='ocrx_word' id='word_1_475' title='bbox 165 3286 219 3291; x_wconf 96' lang='lat'><strong>—</strong></span> <span class='ocrx_word' id='word_1_476' title='bbox 263 3266 452 3303; x_wconf 83' lang='lat' dir='ltr'>MAGIVS</span> <span class='ocrx_word' id='word_1_477' title='bbox 485 3268 651 3304; x_wconf 87' lang='lat' dir='ltr'>CELER</span> <span class='ocrx_word' id='word_1_478' title='bbox 681 3269 1016 3305; x_wconf 85' lang='lat' dir='ltr'><strong>VELLEIANVS.</strong></span> 
     </span>
     <span class='ocr_line' id='line_1_45' title="bbox 150 3328 1963 3388; baseline 0.004 -18"><span class='ocrx_word' id='word_1_479' title='bbox 150 3328 235 3371; x_wconf 87' lang='lat'><em>234</em></span> <span class='ocrx_word' id='word_1_480' title='bbox 264 3334 512 3373; x_wconf 87' lang='lat' dir='ltr'><strong>VELLEIVS</strong></span> <span class='ocrx_word' id='word_1_481' title='bbox 544 3336 768 3373; x_wconf 85' lang='lat' dir='ltr'><em>BLAESVS</em></span> <span class='ocrx_word' id='word_1_482' title='bbox 810 3330 1002 3388; x_wconf 84' lang='lat' dir='ltr'><em>locuples</em></span> <span class='ocrx_word' id='word_1_483' title='bbox 1042 3331 1303 3388; x_wconf 82' lang='lat' dir='ltr'><em>consularis,</em></span> <span class='ocrx_word' id='word_1_484' title='bbox 1346 3339 1541 3376; x_wconf 87' lang='lat' dir='ltr'><em>mortuus</em></span> <span class='ocrx_word' id='word_1_485' title='bbox 1578 3332 1657 3375; x_wconf 86' lang='lat' dir='ltr'><em>sub</em></span> <span class='ocrx_word' id='word_1_486' title='bbox 1688 3333 1963 3386; x_wconf 72' lang='lat' dir='ltr'><em>Domitian03</em></span> 
     </span>
    </p>
   </div>
  </div>
 </body>
</html>
