2242 3672
229 279 582 316 TERENTIANVS
1089 274 1172 315 300
1747 280 2031 317 TERENTIVS

313 412 446 453 citant
475 410 739 465 Auyustinus
769 409 818 451 de
842 410 916 450 civ.
940 409 1008 451 dei
1027 411 1064 459 6,
1086 413 1140 460 2,·
1172 409 1291 452 Mar.
1324 409 1478 452 Victor.
1501 413 1582 454 art.
1603 424 1783 465 yramsm.
1815 411 2031 468 (Graanm.

312 479 373 522 ed.
406 479 509 521 Keil
537 482 562 520 6
582 494 630 533 p.
653 481 717 528 83,
748 477 846 531 27);
880 477 1055 521 Servius
1085 478 1144 520 ad
1171 477 1278 520 Aen.
1310 480 1350 529 8,
1380 481 1434 521 96
1463 478 1530 533 (de
1558 478 1626 521 his
1656 479 1817 524 duobus
1847 481 1950 525 locis
1974 482 2048 536 cf.-

313 547 416 589 Keil
443 546 495 590 G.
527 547 578 589 L.
608 550 634 588 6
662 561 711 600 p.
739 545 857 600 322).
920 546 1103 603 Scripsit
1142 547 1227 588 iam
1267 547 1410 588 senior
1439 561 1474 588 v.
1505 548 1571 591 51.
1633 547 1770 591 Filius
1810 550 2031 606 Bassinus,

310 631 443 672 gener
463 617 656 658 Novatus
676 615 765 668 ipse
783 628 820 657 v.
843 617 941 657 283.
963 639 1020 644 —
1039 614 1108 657 De
1132 618 1313 670 tempore
1339 629 1421 670 quo
1449 615 1603 658 vixerit
1631 618 1685 672 cf.
1708 617 1812 660 Keil
1837 617 2030 662 Gramm.

310 686 406 727 Lat.
429 687 454 726 6
466 698 514 738 p.
530 686 639 734 323,·
667 682 719 726 G.
744 682 915 726 Schultz
936 683 1081 726 Herm.
1102 686 1175 738 22,
1197 686 1282 727 275
1302 697 1396 739 seq„
1431 684 1592 739 Teuffel
1610 685 1715 727 Litt.
1739 685 1801 728 ed.
1817 689 1845 729 5
1862 687 1895 742 5
1913 689 2030 730 373⁶.

224 778 278 782 —
309 759 463 795 POLVS
494 757 864 794 TERENTIANVS.

224 846 279 850 —
309 828 348 863 C.
380 825 661 862 POMPONIVS
691 826 875 862 BASSVS
907 826 1276 863 TERENTIANVS.

229 915 279 921 —
308 891 551 932 Postumius
582 890 881 932 Terentianus.

223 983 278 988 —
309 965 346 1001 C.
379 964 627 1000 VALERIVS
659 964 1029 1001 TERENTIANVS.

221 1052 277 1056 —
307 1027 356 1071 T.
388 1026 544 1070 Vibius
576 1027 860 1081 Postum(i)us
891 1026 1223 1083 Terentia[nus].

221 1120 277 1125 —-
306 1095 537 1138 Vulcacius
568 1095 867 1138 Terentianus.

220 1165 274 1206 46
306 1163 552 1218 Terentilla,
587 1163 829 1207 concubina
858 1163 1049 1218 Augusti
1082 1162 1198 1207 Suet.
1230 1162 1342 1218 Auy.
1372 1166 1436 1206 69.

221 1232 274 1275 47
305 1232 556 1284 Terentius,
590 1240 815 1288 evocatus,
847 1249 873 1276 a
903 1232 1120 1276 nonnullis
1152 1232 1404 1276 interfector
1433 1233 1600 1278 Galbae
1632 1234 1823 1276 creditus
1858 1234 1957 1278 Tac.
1987 1233 2029 1276 h.

303 1304 340 1351 1,
371 1304 436 1350 41,
469 1300 585 1345 Plut.
615 1301 742 1345 Gall).
770 1305 842 1346 27.

221 1369 275 1410 48
306 1369 363 1411 Μ.
397 1369 639 1426 Terentius,
671 1385 802 1427 eques
833 1371 1064 1426 Romanus,
1102 1385 1141 1414 a.
1172 1371 1227 1414 32
1259 1370 1314 1414 ob
1344 1371 1578 1414 amicitiam
1609 1371 1757 1415 Seiani
1787 1375 2030 1425 aecusatus,

307 1438 368 1479 ita
397 1437 532 1481 libere
563 1454 608 1481 se
638 1439 843 1494 defendit,
876 1446 925 1482 ut
954 1439 1258 1483 absolveretur
1289 1438 1391 1483 Tac.
1419 1454 1460 1483 a.
1482 1443 1519 1491 6,
1541 1442 1581 1482 8.
1608 1443 1647 1491 9,
1678 1438 1768 1482 Dio
1795 1441 1863 1490 58,
1891 1441 1959 1482 19.

220 1505 274 1547 49
306 1512 590 1550 TERENTIVS
613 1515 895 1551 AFRICANVS
918 1508 1230 1566 (Μ[αρ]κι[α]νός
1250 1508 1378 1551 editio
1390 1509 1531 1564 prior,
1555 1509 1697 1551 minus
1713 1508 1841 1562 recte)
1861 1506 2031 1563 legatus

305 1589 383 1630 pro
424 1590 487 1631 pr.
530 1576 569 1630 (ὁ
611 1578 896 1635 διασημότατος
935 1578 1117 1635 ἡγεμών)
1157 1577 1408 1634 provinciae
1452 1577 1615 1634 Lyciae
1660 1582 1703 1619 et
1746 1574 2032 1633 Pamphyliae

306 1645 332 1686 t.
366 1643 593 1698 Sagalassi
620 1646 666 1688 in
686 1645 858 1689 Pisidia
885 1660 986 1701 rep„
1017 1645 1138 1689 Bull.
1171 1645 1220 1688 de
1250 1659 1359 1688 corr.
1386 1645 1532 1689 hellen.
1555 1648 1665 1688 1883
1685 1659 1734 1700 p.
1754 1647 1852 1700 268,
1883 1643 2032 1687 melius

305 1710 361 1754 ib.
392 1714 504 1754 1387
522 1727 569 1767 p.
590 1715 696 1757 222.

221 1778 275 1819 50
305 1779 534 1823 Terentius
564 1781 835 1838 Alexander,
871 1783 1157 1839 epistrategus
1189 1782 1424 1825 Thebaidis
1455 1797 1568 1825 anno
1602 1781 1728 1825 163l4
1755 1780 1880 1824 CIG.
1900 1779 2031 1823 48:31⁶

306 1846 420 1901 (add.
447 1863 496 1903 p.
526 1849 666 1904 1215).

221 1915 271 1956 51
305 1922 349 1959 L.
391 1923 673 1961 TERENTIVS
718 1926 907 1971 AQVILA
950 1926 1268 1963 GRATTIANVS
1313 1927 1516 1977 quaestor
1560 1919 1811 1976 provinciae
1854 1917 2031 1961 Africae

306 1986 333 2027 t.
365 1984 701 2030 Hadrumetinus
731 1988 854 2031 VIII
876 1992 928 2032 60
957 2009 1012 2024 =
1044 1989 1168 2032 VIII
1191 1988 1237 2032 S.
1269 1991 1417 2031 11139.

222 2052 275 2093 52
307 2052 534 2097 Terentius
557 2055 769 2111 Clemens,
801 2064 953 2100 auctor
982 2059 1101 2113 iuris,
1133 2057 1307 2114 scripsit
1336 2057 1392 2099 ad
1421 2056 1560 2111 legem
1591 2055 1746 2098 Iuliam
1779 2062 1822 2098 et
1849 2055 2030 2112 Papiam

305 2121 379 2174 (ad
409 2121 524 2177 leges
555 2124 641 2167 ind.
672 2125 819 2180 Flor.)
849 2126 982 2169 libros
1002 2126 1094 2168 XX
1114 2125 1216 2180 Diy.
1239 2125 1326 2168 ind.
1348 2125 1488 2176 Flor„
1519 2124 1734 2167 adhibitos
1763 2124 1808 2166 in
1838 2123 2032 2178 Digestis

304 2187 432 2243 (locos
473 2195 704 2247 composuit
740 2195 871 2237 Lenel
904 2195 1072 2250 paliny.
1118 2195 1227 2237 iuris
1271 2194 1346 2237 civ.
1386 2197 1434 2245 1,
1473 2196 1555 2237 335
1580 2192 1702 2249 seq),
1721 2211 1723 2213 ·
1739 2198 1855 2235 certe
1892 2205 2033 2249 usque

305 2257 360 2299 ad
396 2258 791 2305 duodevicesimam
827 2263 930 2319 Diy.
964 2267 1001 2315 7,
1035 2267 1072 2315 7,
1103 2264 1141 2306 5.
1181 2266 1247 2314 40,
1274 2266 1317 2314 6,
1349 2266 1388 2305 1.
1447 2262 1547 2305 Non
1585 2261 1804 2318 antiquior
1843 2258 2030 2314 (Salvio)

305 2325 484 2383 Iuliano,
517 2343 645 2384 quem
677 2333 780 2374 citat
808 2331 911 2387 Diy.
934 2335 972 2383 7,
1006 2335 1044 2383 7,
1073 2334 1113 2375 5.
1144 2333 1216 2382 28,
1246 2333 1286 2382 5,
1317 2334 1374 2375 72
1403 2334 1441 2374 et
1472 2329 1580 2373 alibi
1607 2330 1664 2384 cf.
1693 2329 1863 2384 Fittiny
1885 2343 1934 2384 p.
1956 2330 2032 2379 16;

305 2393 536 2446 (‘Iulianus
566 2406 726 2442 noster’
760 2399 863 2455 Diy.
893 2402 965 2451 28,
997 2403 1035 2451 6,
1069 2400 1111 2454 6)
1154 2405 1196 2441 et
1226 2400 1348 2441 cuius
1378 2399 1660 2454 Digestorum
1689 2397 1850 2441 librum
1879 2394 2031 2439 LXIV
2111 2393 2114 2396 ⁴

304 2461 424 2518 (Diy.
455 2468 525 2517 28,
556 2470 594 2517 5,
626 2471 697 2527 42.
726 2472 793 2520 38,
824 2473 864 2520 5,
896 2472 935 2511 9.
966 2472 1034 2520 40,
1066 2471 1105 2519 9,
1137 2467 1179 2523 5)
1211 2467 1411 2510 adhibuit
1430 2467 1530 2523 Diy.
1552 2471 1620 2518 40,
1653 2470 1691 2519 9,
1721 2469 1792 2510 24.
1822 2469 1889 2517 31,
1919 2463 2032 2508 unde

308 2530 472 2586 colleyit
499 2534 668 2591 Fittiny
698 2536 822 2580 Alter
853 2537 897 2580 d..
922 2542 1027 2580 ro'm.
1059 2536 1256 2579 Juristen
1283 2535 1309 2578 l.
1342 2549 1389 2590 c.,
1421 2535 1640 2589 scripsisse
1674 2548 1766 2577 eum
1795 2534 1871 2577 sub
1902 2533 2030 2589 finem

309 2599 476 2654 imperii
503 2602 589 2654 Pii,
622 2607 729 2646 certe
749 2608 851 2659 post
882 2618 1039 2647 annum
1068 2607 1161 2647 148.

223 2665 277 2707 53
309 2673 351 2717 Q.
383 2675 665 2714 TERENTIVS
698 2679 907 2716 OVLLEO.
952 2673 1025 2716 Ex
1045 2673 1232 2728 posteris
1261 2673 1351 2715 sine
1381 2672 1506 2715 dubio
1532 2672 1579 2726 Q.
1602 2671 1791 2715 Terentii
1808 2670 2030 2721 Culleonis,

308 2737 382 2788 qui
418 2752 445 2779 a
482 2738 900 2795 Carthayiniensibus
941 2743 1046 2785 bello
1085 2743 1247 2785 Punico
1286 2741 1464 2785 secundo
1503 2744 1651 2796 captus
1691 2743 1731 2783 et
1767 2754 1795 2782 a
1833 2738 2033 2794 Scipione

308 2805 502 2849 reductus
523 2808 631 2862 (Liv.
653 2813 719 2861 30,
740 2814 806 2862 43,
829 2814 881 2854 11
902 2811 1007 2866 cet),
1030 2815 1212 2866 praetor
1242 2811 1327 2865 fuit
1358 2824 1468 2853 anno
1497 2812 1582 2853 567
1610 2808 1719 2862 (Iatv.
1749 2811 1816 2860 38,
1845 2812 1905 2852 42
1925 2805 2030 2862 cet).

308 2872 451 2917 Filius
480 2876 660 2929 fortasse
687 2878 910 2931 Culleonis,
943 2880 1073 2922 amici
1098 2879 1314 2923 Ciceronis
1340 2882 1379 2922 et
1404 2878 1599 2933 Pompeii
1627 2875 1764 2930 (Plut.
1794 2876 1941 2931 Pomp.
1961 2878 2030 2926 49,

312 2939 394 2983 Cic.
419 2943 476 2985 ad
493 2945 583 2989 Att.
604 2949 642 2997 3,
664 2950 727 3002 15,
750 2950 789 2990 5.
821 2950 861 2998 8,
883 2952 952 3003 12,
975 2951 1014 3000 5,
1047 2949 1102 3002 cf.
1135 2948 1193 2990 ad
1217 2948 1265 3002 Q.
1295 2949 1353 3002 fr.
1381 2951 1423 3002 2,
1450 2951 1494 2998 2,
1517 2946 1573 3002 1),
1605 2947 1679 3001 qui
1704 2945 1827 3001 vulyo
1848 2947 2032 3000 putatur

310 3009 418 3051 idem
449 3026 498 3054 ac
524 3014 570 3066 Q.
604 3014 823 3058 Terentius
842 3017 1043 3070 pontifex
1071 3017 1212 3059 minor
1242 3030 1354 3059 anno
1385 3018 1466 3058 696
1495 3014 1605 3070 (Cic.
1639 3014 1688 3057 de
1716 3014 1890 3068 harusp.
1920 3025 2029 3067 resp.

311 3080 347 3126 6⁶,
369 3082 455 3131 12),
487 3081 549 3122 vel
580 3082 668 3124 eius
689 3082 912 3135 Culleonis,
946 3086 1017 3139 qui
1047 3099 1158 3128 anno
1181 3088 1260 3127 711
1289 3085 1428 3126 iussus
1449 3098 1477 3126 a
1496 3083 1659 3138 Lepido
1676 3082 1810 3138 Alpes
1836 3080 2032 3124 claudere

311 3146 498 3190 Antonio
529 3151 753 3193 transitum
785 3152 899 3194 dedit
926 3153 1054 3208 (App.
1089 3154 1125 3198 b,
1157 3167 1191 3196 c.
1221 3156 1260 3204 3,
1290 3154 1378 3207 83),
1411 3151 1559 3195 deinde
1589 3152 1643 3194 ab
1664 3151 1854 3193 Antonio
1882 3161 2032 3192 rursus

313 3214 370 3254 ad
398 3215 603 3269 Lepidum
635 3219 823 3262 discessit
852 3220 962 3275 (Cic.
996 3222 1053 3263 ad
1081 3222 1184 3275 fam.
1216 3225 1282 3272 10,
1312 3224 1378 3272 34,
1413 3220 1457 3275 2)
1469 3234 1482 3272 ,·
1510 3234 1611 3262 nam
1638 3220 1749 3262 hunc
1779 3232 1864 3261 esso
1893 3219 2032 3273 ipsum

314 3284 492 3325 museum
530 3286 745 3330 Ciceronis
784 3292 822 3330 et
859 3289 1055 3344 Pompeii
1090 3305 1175 3333 non
1215 3291 1336 3333 credo
1375 3290 1608 3344 Borgyhesio
1648 3303 1742 3343 opp.
1771 3291 1815 3339 2,
1847 3289 1944 3331 209.
1974 3310 2031 3316 -

318 3350 419 3392 Il'ria
449 3355 621 3397 nomina
650 3356 697 3398 in
725 3370 904 3401 nummo.
