2242 3672
0 486 18 821 *¹⁴.-·1:³=·-1·,÷<W³z·z,=w‚,:uv-W
0 366 12 486 vau-ww
0 306 10 364 cmv<
0 170 14 289 ⁴1‘⁴'u·¹(.-=Y†
0 135 3 140 ν
0 86 10 109 *s

85 132 92 135 ι

210 225 468 262 STATILIVS
1080 222 1163 265 259
1773 230 2032 268 STATILIVS

303 358 597 412 Traianopoli,
629 373 697 413 ap.
721 359 920 402 Mionnet
948 360 1086 414 suppl.
1113 361 1175 403 II
1197 363 1293 411 219,
1326 363 1395 404 81.
1426 363 1498 405 82.
1529 363 1627 412 234,
1656 363 1751 403 171.
1780 364 1875 413 375,
1906 366 2030 407 1023.

295 430 420 471 1024.
461 430 559 477 462,
592 430 711 470 1533.
753 431 873 470 1534.
913 431 1007 479 466,
1041 433 1160 472 1566.
1203 431 1296 480 485,
1327 433 1449 472 1661.
1487 432 1612 473 1662.
1650 431 1745 482 507,
1775 433 1895 474 1785.
1935 435 2030 482 508,

296 498 564 539 1786-1789.
586 498 681 547 510,
703 499 826 539 1801.
846 499 956 540 1803
963 511 977 549 ,·
1006 498 1121 541 Brit.
1144 499 1262 541 Mus.
1286 502 1367 541 cat.
1396 498 1563 541 Thrace
1583 513 1631 553 p.
1654 502 1746 550 164,
1766 501 1838 543 28.
1870 502 1964 551 171,
1986 504 2030 544 2.

296 568 388 615 177,
411 568 451 607 3.
471 568 522 616 4,·
545 564 662 607 Mus.
684 564 844 616 Berol„
865 565 1042 609 Beschr.
1065 567 1104 609 d.
1123 567 1313 610 Mtinzen
1333 568 1366 610 I
1381 583 1430 622 p.
1450 571 1551 618 132,
1574 571 1611 610 6.
1644 570 1736 619 139,
1758 570 1796 611 5.
1828 571 1930 620 225,
1952 572 2032 621 30,-

294 633 413 676 alibi.
472 633 540 687 Of.
570 633 784 688 Boryhesi
814 648 907 688 opp.
928 638 968 685 3,
993 639 1079 678 263
1098 649 1179 690 seq.

378 703 582 749 Στατίλιος
611 702 675 744 vel
696 702 923 750 Στατείλιος
954 702 1164 762 Βάρβαρος
1195 709 1223 748 t.
1245 708 1288 748 2.
1309 710 1348 756 3,
1385 739 1394 748 .
1414 739 1422 748 .
1443 740 1452 748 .
1471 739 1479 748 .
1499 739 1509 749 .
1526 708 1668 753 τείλιος
1697 705 1910 765 Βάρβαρος
1941 711 1968 750 t.
1990 712 2028 762 4,

293 804 414 815 .....
451 771 670 814 Barbarus
702 775 731 814 t.
754 775 802 823 1;
838 773 883 814 in
911 774 1094 815 nummis
1115 774 1363 829 plerumque
1393 778 1455 818 est
1480 778 1545 832 ἠγ.
1576 775 1656 829 (vel
1686 778 1772 833 ἥγε.
1800 776 1865 818 vel
1893 777 2030 833 ἡγεμ.)

291 841 359 883 Στ.
389 840 453 882 vel
483 841 579 883 Στα.
609 840 674 883 vel
704 841 820 884 Στατ.
851 841 915 883 vel
944 842 1077 885 Στατι.
1107 843 1171 885 vel
1201 844 1354 887 Στατει.
1397 844 1475 897 (sic
1511 845 1558 886 in
1597 858 1767 887 nummo
1809 844 2026 895 Serdicae‚

291 924 360 964 ap.
391 909 589 952 Mionnet
617 911 711 959 485,
743 909 873 965 1662)
913 910 977 953 vel
1007 910 1245 966 Σ[τα]τιλιόυ
1288 913 1364 967 (sic
1405 913 1451 954 in
1489 927 1657 955 nummo
1687 912 1924 956 Pautaliaev
1959 928 2027 968 ap.

292 978 489 1021 Mz'onnet
507 981 601 1028 375,
623 978 752 1032 1023)
775 977 1003 1037 Βαρβάρου,
1027 980 1156 1034 plene
1177 980 1223 1023 T.
1245 981 1339 1023 Στα.
1370 979 1583 1039 Βαρβάρου
1605 983 1651 1024 in
1670 996 1839 1025 nummo
1859 981 2029 1037 Philip-

284 1047 636 1103 popolitanorum
667 1062 735 1102 ap.
767 1048 1021 1103 Imhoofium
1051 1051 1157 1105 (ἥγε.
1191 1049 1273 1107 Τιβ.
1307 1048 1522 1108 Βαρβάρου
1559 1051 1605 1093 in
1644 1052 1827 1094 nummis
1858 1051 2028 1106 Philip-

285 1116 639 1171 popolitanorum
670 1131 739 1171 ap.
763 1117 962 1160 Mionnet
981 1121 1078 1168 462,
1101 1122 1220 1161 1533.
1242 1122 1362 1162 1534.
1384 1122 1477 1170 466,
1499 1121 1607 1163 1566
1633 1119 1744 1162 male
1775 1119 1924 1162 lectum
1954 1124 2026 1169 est,

290 1188 390 1228 teste
411 1185 631 1240 Imhoofio,
660 1200 742 1239 pro
764 1188 828 1242 ἠγ.
853 1187 947 1229 Στα.
972 1185 1210 1244 Βαρβάρους
1241 1187 1439 1230 similiter
1467 1189 1559 1230 sine
1580 1188 1707 1231 dubio
1737 1188 1848 1230 male
1878 1188 2028 1231 lectum

291 1257 362 1305 est,
395 1257 482 1311 ἥγε.
516 1254 560 1296 Τ.
596 1253 805 1312 Βάρβαρος
839 1255 1032 1298 Mionnet
1061 1258 1156 1307 508,
1190 1259 1313 1307 1786,
1355 1258 1400 1298 Λ.
1433 1256 1552 1300 Ειτει.
1586 1256 1800 1315 Βάρβαρου
1833 1258 2029 1300 Mionnet

287 1325 381 1374 485,
399 1326 518 1374 1661,
545 1321 632 1368 AD„
656 1322 743 1381 Βαρ
763 1357 772 1366 .
791 1356 800 1366 .
820 1357 829 1366 .
848 1357 858 1366 .
882 1324 1081 1367 Miomzet
1098 1328 1192 1375 375,
1212 1326 1355 1380 1024).
1385 1325 1475 1368 Pro
1497 1328 1613 1383 ἡγεμ.
1632 1326 1787 1369 Στατει.
1811 1325 2024 1384 Βαρβάρου

286 1393 333 1435 in
371 1406 542 1434 nummo
583 1392 825 1435 Serdicensi
865 1407 1000 1447 supra
1041 1393 1216 1436 laudato
1259 1394 1477 1449 leyendum
1523 1408 1609 1437 esse
1645 1398 1733 1452 ἡγε.
1777 1394 1833 1438 Μ.
1871 1395 2025 1439 Στατει.

292 1460 507 1519 Βαρβάρου
531 1462 707 1503 coniecit
736 1460 1002 1522 Boryhesius
1030 1477 1124 1516 opp.
1148 1465 1188 1514 3,
1210 1466 1308 1513 271,
1340 1464 1482 1506 minus
1512 1467 1621 1506 recte
1651 1467 1699 1506 ut
1728 1464 1817 1506 iam
1848 1467 2025 1508 constat.

375 1530 504 1574 Sevir
526 1531 723 1586 equitum
743 1530 1052 1586 Romanorum,
1076 1531 1299 1574 decemvir
1319 1531 1511 1574 stlitibus
1537 1532 1793 1588 iudicandis,
1825 1533 2027 1575 tribunus

274 1591 533 1643 'laticlavius
574 1598 786 1654 [legionis]
831 1633 840 1641 .
860 1632 869 1642 .
889 1633 898 1642 .
919 1633 950 1654 .,
996 1600 1229 1657 [quaestor]
1274 1601 1526 1657 provinciae
1563 1601 1762 1656 Africae,
1811 1601 2027 1657 [tribunus

287 1668 426 1725 plebis
467 1668 547 1711 vel⁴
568 1667 742 1722 aedilis,
786 1669 975 1724 praetor]
1009 1673 1035 1714 t.
1068 1673 1105 1712 1.
1173 1669 1390 1725 [Donatus
1430 1669 1554 1712 donis
1593 1669 1855 1713 militaribus
1897 1670 2026 1726 b]ello

286 1737 490 1780 Parthico
522 1737 862 1794 Mesopotamico
895 1741 922 1780 t.
945 1742 971 1780 1
1003 1739 1171 1795 (priore
1202 1739 1465 1794 expeditione
1496 1739 1837 1795 Mesopotamica
1867 1739 2025 1790 Severi,

283 1807 401 1849 circa
431 1821 472 1849 a.
503 1806 612 1862 195).
671 1807 863 1863 Legatus
904 1809 1155 1864 provinciae
1195 1808 1409 1851 Thraciae
1446 1812 1473 1852 t.
1506 1813 1544 1852 1.
1576 1812 1619 1854 2.
1648 1812 1699 1861 3,·
1736 1810 1911 1860 nummi,
1945 1809 2026 1852 sub

287 1876 452 1919 Severo
476 1879 502 1919 t.
524 1879 564 1927 3,
586 1877 760 1927 nummi,
790 1876 954 1920 Severo
976 1877 1175 1932 Augusto
1199 1884 1240 1920 et
1261 1877 1488 1921 Caracalla
1509 1877 1698 1922 Caesare
1719 1878 1776 1933 (a.
1802 1878 2023 1933 196-198)

284 1948 313 1988 t.
334 1948 366 1989 2
376 1959 389 1997 ;
418 1944 588 2000 legatus
609 1945 910 2001 Augustorum
931 1946 1117 1989 duorum
1149 1947 1230 2001 (ita
1260 1947 1346 1990 dici
1366 1947 1513 2002 potuit
1539 1946 1775 1990 Caracalla
1804 1947 2022 1990 etiamtum

287 2013 486 2069 Caesare)
516 2017 544 2056 t.
575 2018 614 2056 1.
667 2014 831 2058 Consul
862 2015 1127 2070 designatus,
1161 2030 1259 2058 eum
1292 2022 1404 2058 esset
1434 2015 1603 2070 legatus
1629 2015 1844 2058 Thraciae
1872 2019 1900 2058 t.
1922 2019 1961 2058 3.
1981 2019 2021 2058 4.

287 2082 451 2127 Consul
492 2086 520 2125 t.
551 2086 590 2125 1.
651 2083 844 2135 Legatus
883 2083 1185 2138 Augustorum
1231 2084 1417 2127 duorum
1462 2085 1714 2140 provinciae
1760 2084 2023 2128 Germaniae

283 2152 519 2210 superioris
541 2155 568 2194 t.
591 2155 617 2194 1
644 2152 772 2207 (inter
797 2151 1058 2195 Germaniae
1084 2156 1123 2195 et
1149 2153 1362 2195 Thraciae
1394 2153 1621 2208 leyationes
1650 2154 1805 2196 mentio
1835 2153 2023 2195 muneris

285 2221 466 2264 alicuius
487 2221 625 2275 periit
654 2221 699 2263 in
730 2224 757 2264 t.
781 2223 837 2276 1).
863 2246 921 2251 —
953 2222 1100 2264 Uxor:
1133 2221 1390 2277 [M]areiana
1421 2227 1571 2277 (supra
1592 2221 1636 2263 A
1655 2221 1753 2276 836)
1782 2220 2021 2264 clarissima

283 2289 447 2331 femina
477 2292 505 2332 t.
531 2293 570 2331 1.

197 2359 280 2402 592
313 2357 511 2402 Statilius
543 2356 735 2414 Capella,
776 2372 908 2414 eques
940 2359 1159 2400 Romanus
1191 2358 1466 2401 Sabratensis
1498 2373 1553 2400 ex
1584 2358 1757 2401 Africa:
1792 2360 1883 2401 eius
1915 2358 2018 2400 deli-

281 2433 379 2480 cata
400 2425 634 2483 aliquando
666 2426 809 2469 fuerat
828 2425 986 2469 Flavia
1006 2426 1247 2478 Domitilla,
1279 2442 1391 2469 uxor
1415 2427 1670 2483 Vespasiani
1693 2427 1811 2471 Suet.
1840 2427 1958 2482 Vesp.
1978 2431 2018 2470 3.

196 2497 279 2540 593
315 2495 604 2551 [STATJILIVS
623 2501 823 2538 CASSIVS
845 2501 1109 2549 TAVRINVS,
1131 2496 1267 2538 frater
1281 2495 1469 2550 Arvalis,
1491 2497 1699 2551 magister
1718 2496 1858 2539 faetus
1879 2511 1916 2538 a.
1939 2497 2018 2538 155

283 2568 364 2607 act.
386 2563 490 2607 Arv.
515 2564 611 2618 (VI
624 2567 739 2607 2086
758 2578 795 2607 v.
815 2567 885 2622 39)
909 2563 1041 2619 (yenti
1061 2564 1266 2608 Statiliae
1287 2578 1380 2608 eum
1402 2564 1632 2619 adscripsit
1650 2564 1824 2608 Henzen
1839 2568 2019 2620 propter

282 2647 506 2689 coynomen
542 2633 755 2690 Taurini).

210 2727 268 2734 -—
312 2701 515 2745 Valerius
547 2701 745 2744 Statilius
778 2702 947 2747 Castus.

195 2772 280 2814 594
310 2777 571 2814 sTAT1L1vs
619 2777 972 2823 CORFVLENVS,
1014 2779 1208 2826 senator,
1252 2771 1405 2815 Clodio
1453 2770 1611 2814 Albino
1664 2771 1843 2827 eiusque
1894 2771 2015 2813 fratri

281 2840 466 2883 honores
497 2838 692 2882 decrevit
719 2841 790 2882 vit.
825 2839 945 2883 Glod.
975 2840 1075 2883 Alb.
1103 2844 1174 2892 12,
1206 2844 1272 2884 11.

195 2909 278 2952 595
309 2915 505 2951 TAVRVS
530 2915 788 2952 STATILIVS
811 2915 1059 2952 CORVINVS
1078 2910 1151 2963 (=
1163 2916 1207 2952 T.
1220 2915 1479 2952 STATILIVS
1498 2915 1694 2951 TAVRVS
1714 2914 1961 2950 CORVINVS
1974 2908 2015 2962 P)

282 2993 368 3021 cos.
399 2993 437 3020 a.
470 2979 538 3020 45.
599 2978 772 3021 Taurus
812 2978 1010 3022 Statilius
1048 2978 1265 3021 Corvinus
1308 2981 1390 3021 act.
1420 2978 1525 3021 Arv.
1568 2977 1712 3031 (plene
1742 2978 1917 3019 nomina
1948 2991 2015 3019 ex—

279 3049 372 3089 tant
401 3046 470 3089 VI
490 3049 612 3090 2027
640 3050 679 3089 et
716 3047 887 3102 saepius
915 3047 962 3090 in
993 3047 1100 3089 actis
1132 3047 1239 3089 anni
1265 3049 1344 3098 38;
1385 3046 1581 3089 Statilius
1615 3045 1862 3100 [Corvinus]
1894 3046 2013 3099 fray-

280 3118 463 3158 mentum-
494 3118 685 3158 actorum
718 3115 808 3171 eph.
840 3131 902 3171 ep.
933 3119 961 3158 8
989 3131 1031 3170 p.
1052 3118 1150 3166 326,
1176 3115 1234 3170 8),
1266 3117 1364 3158 item
1386 3129 1526 3170 paene
1548 3114 1675 3169 plene
1695 3113 1777 3155 ΙΙ]
1807 3113 1853 3156 S.
1884 3116 2015 3164 6983;

281 3182 479 3227 Statilius
510 3183 728 3227 Corvinus
760 3185 877 3229 Suet.
907 3183 975 3228 Gl.
1003 3187 1068 3228 13.
1114 3184 1171 3226 In
1201 3184 1445 3227 consulatu:
1475 3184 1647 3225 Taurus
1680 3181 1876 3224 Statilius
1909 3181 2013 3224 Cor-

283 3253 409 3295 vinus
434 3252 604 3296 Notizie
633 3255 746 3295 1887
765 3268 814 3308 p.
836 3257 934 3308 210,
967 3253 1138 3295 Taurus
1161 3252 1357 3295 Statilius
1377 3252 1426 3294 X
1444 3254 1542 3302 825,
1575 3251 1776 3297 Στατίλιος
1798 3248 2014 3307 Κορουῖνος

278 3321 367 3364 Dio
388 3324 454 3372 60,
475 3323 541 3372 45,
565 3321 646 3376 [Τ.]
678 3321 776 3365 Gor.
800 3325 958 3365 tessera
975 3321 1243 3376 =alaoliatoria
1262 3321 1343 3364 XI
1349 3321 1390 3363 V
1399 3323 1522 3374 4126,
1556 3318 1771 3422 Corvglssls
1790 3317 1840 3361 X
1849 3318 2013 3362 V4612
