2242 3672
246 258 450 298 SALVIVS
1100 250 1183 292 166
1842 252 2048 290 SALVIVS

247 393 326 435 103
357 399 397 434 P.
430 396 635 433 SALVIVS
667 393 902 430 IVLIANVS
935 385 1083 428 consul
1116 385 1207 427 ord.
1240 400 1278 427 a.
1307 384 1386 426 148
1419 383 1610 438 (Salvius
1636 383 1831 426 Iulianus
1862 384 1931 428 VI
1943 387 2049 436 855,-

327 461 373 502 in
414 459 631 502 consulatu
672 458 720 498 P.
763 455 952 498 Sal....
999 454 1067 496 VI
1087 457 1185 504 375,
1230 452 1404 496 Salvius
1443 452 1637 495 Iulianus
1676 452 1757 495 XI
1788 455 1916 504 6481,
1959 452 2046 498 Sal.

325 528 423 570 XV
437 530 525 577 733,
553 526 794 580 plerumque
814 523 1028 576 Iulianus)
1059 537 1156 564 cum
1178 522 1226 566 O.
1249 521 1426 564 Bellicio
1449 521 1669 577 Torquato
1690 522 1807 575 fasti.
1861 521 2048 564 Curator

325 610 502 651 operum
532 593 799 650 publicorum
820 608 858 634 a.
878 593 959 634 150
981 605 1077 633 cum
1097 590 1282 647 Popillio
1305 589 1478 632 Pedone
1504 589 1570 631 VI
1581 591 1672 631 855.
1717 589 1817 631 Non
1837 588 2046 632 diversum

325 678 352 706 a
383 663 528 706 Salvio
557 661 729 704 Iuliano
760 661 868 702 iuris
899 663 1070 702 auctore
1092 662 1352 714 putaverunt
1372 659 1583 713 plerique,
1615 659 1662 700 in
1691 658 1758 700 his
1786 657 2046 712 Borqhesius

323 731 385 784 (ut
406 734 562 785 ‚postea
600 730 735 783 fuerit
774 729 918 771 consul
944 729 1097 771 iterum
1126 731 1165 770 et
1186 728 1434 782 praefectus
1462 727 1602 783 urbi);
1640 727 1858 777 diversum,
1887 725 2048 768 scilicet

319 800 455 854 filium
494 799 594 848 eius,
635 797 872 840 Mommsen
905 796 1126 849 (Zeitschr.
1164 798 1194 850 f.
1234 796 1428 851 Rechtsq.
1460 799 1499 846 9,
1530 799 1640 838 1870
1670 810 1719 850 p.
1752 797 1812 837 87
1841 798 1926 838 not.
1959 795 2044 851 13).

319 867 550 909 Praeterea
577 866 687 908 hunc
718 880 804 909 esse
833 866 1054 908 Iulianum
1074 865 1370 920 proconsulem
1395 865 1539 915 Asiae,
1573 879 1691 918 quem
1710 863 1913 918 Perqami
1939 862 2046 905 vidit

316 935 530 977 Aristides
560 938 786 989 aeqrotans
811 932 964 987 (Arist.
995 937 1111 991 ἱερῶν
1138 934 1221 991 λόγ.
1246 933 1293 985 δ’,
1326 948 1387 976 or.
1409 934 1580 976 XXVI
1599 937 1626 978 t.
1649 937 1674 975 1
1694 948 1742 988 p.
1763 935 1849 975 532
1877 929 2041 985 Dina),

316 1018 408 1046 eum
430 1002 567 1046 autem
583 1003 880 1058 proconsulem
900 1004 1032 1057 fuisse
1052 1004 1164 1045 inter
1184 1017 1318 1045 annos
1339 1006 1418 1045 157
1438 1007 1477 1045 et
1495 1006 1593 1054 162,
1615 1003 1766 1044 statuit
1785 1001 1849 1045 W.
1869 999 2044 1044 Schmiol

313 1087 417 1116 mus.
448 1072 583 1115 Rhen.
612 1075 679 1123 48,
710 1074 822 1115 1893
842 1087 891 1126 p.
924 1074 979 1113 78
1014 1072 1068 1126 cf.
1091 1086 1140 1126 p.
1162 1075 1228 1114 69.
1259 1074 1313 1114 81
1345 1071 1659 1127 (Waddinyton
1695 1070 1953 1125 coqitaverat
1991 1067 2042 1110 de

315 1140 497 1184 Claudio
528 1141 732 1196 Iuliano).

231 1210 312 1251 104
341 1216 382 1252 P.
417 1216 623 1252 SALVIVS
662 1215 898 1251 IVLIANVS
941 1209 1075 1264 (filius
1112 1212 1161 1251 ut
1198 1209 1364 1251 violetur
1394 1210 1482 1251 eius
1513 1210 1582 1251 cui
1613 1207 1849 1262 praecedi&
1890 1205 2040 1248 consul

310 1277 401 1322 ord.
433 1294 471 1320 a.
505 1279 586 1321 175
628 1277 820 1332 (Salvius
851 1277 1047 1320 Iulianus
1077 1279 1147 1322 vit.
1178 1277 1334 1320 Oomm.
1356 1281 1395 1328 3,
1429 1277 1646 1324 Ἰουλιανὸς
1675 1279 1696 1319 ὁ
1727 1277 1921 1323 Σάλουιος
1950 1274 2039 1318 Dio

312 1350 382 1397 72,
413 1350 451 1398 5,
486 1346 657 1389 Salvius
687 1347 759 1390 vit.
791 1345 895 1388 Did.
928 1346 1013 1388 Iul.
1045 1349 1088 1397 2,
1117 1349 1156 1396 1,
1188 1345 1382 1388 Iulianus
1413 1346 1484 1387 vit.
1513 1345 1671 1388 Gomm.
1699 1348 1738 1395 4,
1760 1347 1800 1395 8,
1834 1343 2041 1398 Spicea„-

309 1415 356 1457 in
387 1415 607 1457 consulatu
637 1415 686 1459 P.
720 1414 892 1457 Salvius
922 1414 1117 1457 Iulianus
1147 1414 1195 1457 X
1224 1418 1356 1466 7457·;
1386 1418 1415 1457 t.
1445 1415 1638 1456 urbanus
1658 1413 1775 1456 Bull.
1808 1427 1910 1455 com
1931 1414 2040 1455 1885

304 1498 352 1537 p.
388 1486 442 1526 95
451 1497 465 1535 ‚·
497 1483 746 1538 plerumque
775 1483 989 1537 Iulianus)
1031 1497 1129 1525 cum
1170 1483 1217 1526 P.
1252 1482 1487 1539 Calpurnio
1520 1484 1677 1525 Pisone
1707 1482 1827 1536 fasti.
1889 1480 2038 1537 (ΙᾶεΜ,

310 1551 448 1594 iudice
478 1551 820 1606 Wadolinytonio,
843 1551 1016 1595 Salvius
1042 1551 1186 1594 consul
1211 1555 1466 1594 memoratus
1487 1552 1541 1593 ab
1562 1550 1756 1593 Aristide
1778 1564 1838 1592 or.
1860 1548 2036 1600 XXIV,

308 1624 334 1662 1
366 1635 414 1674 p.
445 1623 530 1662 467
556 1619 763 1674 Dindorf,
806 1620 860 1674 cf.
896 1634 1028 1674 supra
1066 1621 1142 1662 sub
1185 1620 1363 1675 Salvio.)
1423 1621 1550 1662 Anno
1584 1621 1666 1662 180
1705 1620 1873 1674 magnis
1915 1633 2038 1661 exer-

310 1689 466 1731 citibus
506 1694 705 1744 praeerat
743 1688 830 1731 Dio
864 1691 933 1739 72,
964 1692 1002 1739 5,
1043 1689 1114 1732 vit.
1145 1688 1302 1732 Gomm.
1332 1692 1372 1731 3.
1424 1688 1645 1743 (Leyatum
1675 1688 1935 1731 Germaniae
1971 1687 2038 1729 in-

308 1756 480 1810 ferioris
520 1771 612 1799 eum
650 1757 782 1810 fuisse
812 1771 862 1799 ex
891 1760 919 1800 t.
952 1757 1132 1811 quodam
1161 1757 1392 1808 Rhenano,
1431 1758 1477 1800 in
1516 1771 1595 1811 quo
1634 1758 1794 1815 mentio·
1819 1756 1870 1811 fit
1899 1755 2042 1800 Salvii

308 1825 485 1876 Iuliani,
519 1825 683 1880 colleqit
711 1825 994 1880 Borqhesius,
1037 1826 1089 1880 cf.
1121 1826 1274 1882 infra.)
1341 1826 1615 1880 Commodus,
1651 1840 1748 1867 cum
1775 1824 1914 1867 filium
1943 1824 2037 1867 eius

310 1894 364 1935 ad
395 1894 709 1950 impudicitiam
742 1894 904 1936 frustra
938 1901 1200 1950 temptasset,
1223 1895 1305 1951 ipsi
1324 1895 1507 1937 tetendit
1527 1886 1706 1937 insidias
1728 1894 1800 1936 vit.
1819 1892 1975 1936 Oomm.
1994 1896 2034 1943 3,

310 1962 605 2005 insimulatum
644 1963 951 2004 coniurationis
991 1963 1206 2004 interfecit
1235 1962 1324 2005 Dio
1355 1963 1381 2005 l.
1414 1977 1462 2014 c.,
1501 1964 1572 2007 vit.
1603 1962 1759 2006 Oomm.
1789 1965 1829 2012 4,
1854 1964 1895 2013 8,
1926 1961 2036 2018 Syn-

308 2030 435 2072 cellus
464 2045 511 2085 p.
543 2033 624 2073 668
665 2030 758 2085 (ubi
796 2045 938 2073 errore
978 2031 1133 2073 elicitur
1174 2030 1387 2078 Ἰουλιανὸς
1422 2032 1681 2089 νομοθέτης);
1722 2032 1776 2085 cf.
1816 2032 1890 2074 vit.
1929 2030 2034 2075 Did.

307 2098 392 2142 Iul.
423 2102 466 2149 2,
499 2103 536 2143 1.
597 2098 736 2142 Filius
777 2100 868 2141 eius
908 2106 1172 2141 memoratur
1210 2100 1281 2144 vit.
1320 2099 1476 2142 Gomm.
1506 2104 1545 2151 3,
1577 2103 1620 2144 2.
1657 2104 1696 2150 4,
1727 2102 1767 2142 8.
1830 2099 2036 2142 Fortasse

306 2166 374 2209 hic
406 2167 579 2210 Salvius
609 2167 816 2223 Iulianus,
850 2169 972 2210 cuius
1002 2170 1165 2210 amicus
1187 2168 1240 2221 Q.
1265 2168 1416 2211 Aelius
1438 2168 1629 2224 Egrilius
1652 2169 1867 2211 Euaretus
1896 2166 2033 2224 philo-

307 2235 467 2291 sophus
498 2235 690 2292 sepultus
730 2252 865 2293 prope
905 2237 1101 2279 Bonnam
1142 2240 1169 2281 t.
1206 2237 1440 2280 Rhenanus
1481 2252 1549 2292 ap.
1580 2236 1831 2280 Brambach
1858 2239 1940 2280 449
1971 2237 2036 2293 (ut

308 2305 483 2346 coniecit
510 2304 770 2359 Boryhesius
801 2320 893 2360 opp.
926 2309 954 2347 7
972 2320 1021 2360 p.
1042 2308 1146 2360 532,
1187 2307 1262 2360 qui
1283 2310 1513 2361 praeterea
1543 2321 1592 2349 ex
1622 2306 1763 2349 eodem
1794 2309 1822 2350 t.
1855 2306 2031 2360 colleyit,

307 2372 500 2414 Salvium
521 2373 741 2415 Iulianum
753 2374 996 2428 praefuisse
1014 2373 1272 2417 Germaniae
1292 2375 1506 2430 inferiori)
1517 2389 1531 2426 ;
1549 2389 1624 2418 nec
1645 2375 1832 2417 diversus
1850 2375 2034 2428 fortasse

307 2441 371 2495 (ut
410 2441 586 2482 coniecit
630 2441 853 2483 Tillemont
892 2442 959 2486 .M.
991 2442 1149 2485 Aurele
1187 2457 1220 2486 c.
1252 2443 1493 2499 XXXIII)
1534 2443 1729 2486 Iulianus
1769 2442 1919 2486 consul
1948 2443 2030 2485 sub

308 2509 366 2550 M.
396 2508 587 2564 Aurelio,
621 2511 743 2551 cuius
773 2510 973 2553 alumnus
1003 2511 1086 2553 fuit
1116 2512 1405 2568 Damophilus
1435 2512 1630 2569 sophista
1656 2512 1817 2556 Suidas
1845 2525 1882 2554 v.
1904 2511 2032 2569 Δαμό-

308 2580 432 2634 φιλος.
493 2578 707 2620 Incertum
740 2593 826 2633 qua
854 2580 1081 2634 parentela
1124 2595 1217 2622 cum
1256 2581 1322 2623 liis
1360 2581 1521 2624 Salviis
1559 2581 1747 2623 Iulianis
1787 2581 2031 2623 coniunctus

306 2645 356 2688 L.
397 2646 576 2688 Roscius
613 2647 821 2689 Aelianus
863 2648 1049 2690 Paculus
1092 2649 1266 2692 Salvius
1303 2649 1520 2704 Iulianus,
1561 2650 1696 2692 frater
1729 2649 2030 2691 Nummiorum

305 2714 465 2756 Variae
501 2722 543 2757 et
571 2715 740 2770 Albini,
782 2716 895 2759 filius
928 2718 1082 2760 Vibiae
1112 2717 1286 2760 Salviae
1315 2719 1475 2761 Variae
1507 2718 1688 2761 V4353.
1759 2717 1840 2761 Vix
1869 2716 1928 2759 ad
1954 2715 2030 2760 hos

306 2781 473 2824 Salvios
503 2783 700 2825 Iulianos
729 2785 917 2838 pertinet
947 2785 1120 2828 Salvius
1151 2786 1345 2828 Iulianus
1377 2788 1582 2844 ἀρχιερεὺς
1617 2790 1681 2830 καὶ
1711 2787 1774 2830 ἐπὶ
1803 2790 1882 2829 τῶν
1911 2789 2028 2843 ἱερῶν

306 2851 438 2891 totius
468 2851 657 2907 Aegypti
689 2867 800 2893 anno
835 2854 914 2895 185
937 2868 1133 2908 papyrus
1161 2854 1464 2905 Berolinensis,
1506 2855 1605 2898 Urk.
1636 2870 1677 2898 n.
1706 2859 1767 2899 82
1796 2856 1851 2909 cf.
1883 2855 2029 2898 Krebs

306 2917 515 2972 Philoloq.
547 2921 656 2961 1894
676 2934 725 2973 p.
750 2922 869 2962 5810.

233 3010 290 3015 ——
331 2993 375 3030 L.
408 2993 611 3028 ROSCIVS
642 2994 894 3030 AELIANVS
926 2997 1145 3032 PACVLVS
1178 2998 1383 3034 SALVIVS
1415 2999 1666 3034 IVLIANVS.

222 3055 302 3096 105
334 3060 375 3096 C.
416 3061 619 3097 SALVIVS
660 3063 926 3099 LIBERALIS
968 3064 1150 3101 NONIVS
1191 3066 1372 3102 BASSVS
1414 3061 1490 3116 (Sic
1517 3062 1686 3115 passim
1714 3062 1761 3104 in
1792 3065 1873 3104 act.
1903 3061 2023 3113 Arv„

306 3123 354 3164 P.
387 3122 558 3164 Salvius
589 3127 663 3166 cet.
693 3124 915 3177 aliquoties
954 3127 998 3168 in
1035 3129 1141 3169 actis
1181 3129 1287 3170 anni
1314 3132 1407 3179 101,
1450 3143 1592 3171 errore
1620 3133 1668 3172 ut
1695 3130 1871 3181 violetur,
1902 3130 2027 3173 semel

304 3191 349 3232 in
381 3191 487 3232 actis
507 3192 612 3233 anni
630 3194 687 3233 87
706 3192 753 3235 C.
776 3193 942 3235 Nonius
973 3195 1133 3237 Bassus
1164 3195 1338 3238 Salvius
1369 3197 1605 3252 Liberalis,
1638 3231 1647 3240 .
1667 3231 1676 3240 .
1694 3231 1703 3240 .
1722 3199 1788 3241 ius
1808 3198 2024 3241 Liberalis

306 3259 501 3314 [Nonius]
518 3260 677 3302 Bassus
693 3260 772 3302 IX
783 3264 899 3312 5533,
919 3262 966 3305 C.
982 3263 1153 3306 Salvius
1167 3265 1380 3306 Liberalis
1392 3265 1474 3307 IX
1484 3268 1602 3316 5534,
1625 3267 1724 3308 item
1740 3267 1960 3321 aliquoties
1978 3268 2026 3309 in

305 3327 413 3368 actis
427 3327 529 3369 Arv.
546 3329 651 3370 anni
668 3331 727 3370 87
734 3342 747 3379 ;
778 3329 949 3371 Salvius
971 3331 1184 3374 Liberalis
1209 3333 1323 3375 Suet.
1341 3332 1489 3388 Ptin).
1526 3335 1680 3377 Tituli:
1699 3335 2025 3378 Urbisalviensis
