2242 3672
115 278 395 316 VERGILIVS,
986 274 1070 317 403
1657 277 1935 316 VERGINIVS

199 413 237 460 1,
270 413 340 461 24,
373 414 438 454 11.
490 412 648 454 Postea
678 411 901 462 (defuncto
933 412 1161 467 Marcello,
1205 413 1240 456 i.
1265 427 1300 456 e.
1332 418 1430 469 post
1459 427 1497 457 a.
1530 411 1633 466 731)
1663 411 1864 469 Augusto
1897 419 1939 455 et

199 479 411 523 Octaviae
427 481 630 523 recitavit
644 481 778 523 libros
796 481 1036 524 secundum
1053 488 1256 539 quartum
1274 488 1443 525 sextum
1456 481 1619 525 Donat.
1629 497 1679 538 Ρ.
1691 485 1762 527 62.
1785 482 1839 526 A.
1854 483 1935 526 735

131 572 134 575 s
199 550 281 592 iter
310 550 532 606 ingressus
562 551 606 592 in
641 551 871 595 Graeciam
902 551 1161 607 Asiamque,
1203 566 1302 594 cum
1333 550 1518 594 Athenis
1547 550 1749 607 Augusto
1787 566 1936 594 occur-

198 620 335 673 risset,
369 619 605 662 destinavit
635 635 723 662 una
753 635 851 662 cum
884 635 932 662 eo
965 620 1130 674 redire,
1163 620 1237 662 sed
1270 620 1444 663 rediens
1475 619 1661 663 decessit
1694 634 1751 663 ex
1780 619 1933 663 morbo

197 688 419 730 Brundisii
451 688 492 731 d.
515 690 565 731 21
601 689 719 745 Sept.
743 688 904 747 Donat.
928 704 976 743 Ρ.
994 692 1063 733 62.
1086 692 1139 731 63
1149 703 1162 741 ;
1192 690 1247 743 of.
1271 689 1446 731 Probus
1467 704 1515 743 Ρ.
1537 691 1619 740 53,·
1647 688 1936 744 Hieronymus

197 757 256 800 ad
275 772 314 800 a.
336 757 445 800 Abr.
468 761 588 800 1999.
625 757 746 811 Quos
777 757 959 800 heredes
991 759 1228 800 instituerit
1246 757 1408 801 Donat.
1432 773 1480 813 Ρ.
1502 760 1555 800 63
1581 758 1636 811 ef.
1659 756 1828 800 Probus
1850 757 1876 800 l.
1900 772 1932 801 e.

198 826 398 869 Possedit
425 841 563 884 prope
594 827 756 869 centies
787 828 1035 870 sestertium
1066 842 1123 869 ex
1152 827 1486 870 liberalitatibus
1513 828 1751 869 amicorum
1771 825 1933 870 Donat.

191 910 237 950 Ρ.
258 898 314 939 57
344 895 417 950 (ab
439 895 638 951 Augusto
671 911 810 952 usque
841 896 896 939 ad
928 898 1175 939 sestertium
1207 898 1369 939 centies
1401 895 1652 938 honestatus
1679 901 1744 938 est
1765 895 1935 939 Probus

191 980 239 1019 Ρ.
259 967 346 1020 53).
402 965 596 1008 Domum
627 964 780 1008 habuit
809 966 974 1008 Romae
1006 965 1214 1022 Esquiliis
1246 967 1369 1008 iuxta
1399 965 1548 1008 hortos
1578 965 1932 1008 Maecenatianos

193 1033 355 1077 Donat.
377 1049 427 1088 Ρ.
448 1036 516 1077 57.
578 1033 784 1091 Sepultus
816 1049 952 1091 prope
983 1034 1210 1091 Neapolim
1242 1033 1403 1077 Donat.
1428 1049 1477 1089 Ρ.
1504 1037 1570 1085 63,
1601 1034 1772 1078 Probus
1794 1049 1842 1089 Ρ.
1864 1036 1930 1085 53,

191 1102 479 1158 Hieronymus
510 1102 536 1146 l.
569 1117 626 1153 e.,
660 1103 777 1146 Plin.
811 1118 873 1158 ep.
904 1107 944 1153 3,
979 1106 1017 1154 7,
1049 1106 1090 1146 8.
1156 1103 1383 1158 Dignitate
1420 1118 1551 1160 eques
1593 1104 1817 1146 Romanus
1856 1104 1929 1146 vit.

191 1171 436 1216 Bernensis.
475 1171 543 1226 Cf.
561 1172 790 1215 Ribbeokii
809 1172 858 1215 de
877 1173 967 1215 vita
988 1175 1028 1215 et
1046 1173 1219 1227 scrzjotis
1236 1172 1287 1215 P.
1312 1172 1490 1227 Veryil·ii
1506 1172 1712 1215 Maronis
1730 1173 1930 1215 narratio

192 1242 255 1296 (in
285 1241 467 1284 editione
497 1240 676 1297 Veryilii
703 1242 878 1292 minore,
911 1242 1031 1296 [Aps.
1062 1244 1204 1297 1889).

105 1311 190 1353 280
220 1318 267 1353 A.
299 1315 571 1353 VERGILIVS
613 1317 846 1354 MAXIMVS
888 1310 993 1364 (tria
1023 1311 1198 1354 nomina
1228 1313 1374 1353 extant
1403 1311 1493 1353 ΙΙΙ
1516 1310 1563 1355 S.
1593 1313 1714 1361 6919,
1745 1308 1814 1352 An
1834 1343 1842 1351 .
1862 1343 1871 1351 .
1890 1342 1928 1352 ..

191 1379 413 1422 Maximus
444 1379 633 1422 traditur
651 1380 824 1431 12196),
856 1379 1025 1435 legatus
1047 1379 1352 1436 Cappadociae
1371 1378 1453 1421 sub
1477 1378 1603 1423 Gallo
1630 1385 1673 1421 et
1692 1377 1928 1422 Volusiano

189 1447 375 1491 miliari-i
403 1447 691 1504 Cappadocioi
719 1449 810 1491 III
831 1448 875 1492 S.
906 1452 1024 1492 6919.
1056 1452 1206 1492 12196.
1683 1504 1686 1507 ,

103 1517 182 1560 281
218 1516 441 1573 Vergilius
471 1519 714 1572 Romanus,
746 1518 932 1575 scriptor
961 1518 1316 1561 mimiamborum
1347 1525 1391 1560 et
1422 1516 1766 1569 comoediarum,
1799 1530 1927 1572 quem

190 1587 446 1630 recitantem
476 1586 645 1630 audivit
675 1587 843 1630 Plinius
875 1587 992 1630 Plin.
1026 1602 1088 1642 ep.
1121 1590 1158 1638 6,
1190 1591 1261 1631 21.

103 1657 187 1699 282
219 1655 479 1711 (Vergilius)
512 1655 624 1711 Silo,
657 1655 794 1699 frater
823 1657 1036 1710 Maronis,
1070 1657 1114 1698 in
1145 1656 1334 1713 pueritia
1365 1654 1594 1697 defunctus
1625 1653 1826 1697 Donatus
1855 1653 1927 1695 vit.

189 1724 309 1781 Very.
343 1725 476 1781 (Suet.
509 1725 571 1769 ed.
602 1724 917 1778 Reifferscheid
935 1741 985 1780 Ρ.
1005 1724 1092 1780 58).

114 1819 172 1825 -
214 1794 452 1851 Verginius
483 1793 639 1851 Capito
669 1808 707 1837 v.
739 1793 819 1838 Cn.
850 1793 1075 1850 Vergilius
1108 1793 1277 1851 Capito.

101 1864 184 1907 283
215 1864 450 1920 Verginius
479 1863 644 1907 Flavus
676 1864 755 1917 (sie
784 1865 856 1907 vit.
885 1864 1041 1915 Persii,
1075 1864 1206 1914 Suet„
1235 1863 1472 1918 Verginius
1494 1895 1504 1905 .
1524 1895 1533 1904 .
1552 1895 1561 1905 .
1581 1895 1590 1905 .
1618 1862 1730 1912 Tae„
1759 1860 1924 1904 Flavus

190 1933 425 1989 Verginius
445 1934 588 1988 Quint.
605 1937 671 1985 11,
687 1937 727 1985 3,
745 1937 842 1985 126,
864 1933 1031 1977 Flavus
1048 1933 1192 1987 Quint.
1211 1936 1248 1983 7,
1265 1936 1304 1982 4,
1321 1935 1389 1983 40,
1404 1934 1635 1986 praeterea
1652 1930 1922 1986 Verginius),

187 2002 335 2046 rhetor
375 2002 558 2058 (‘studia
598 2004 805 2046 iuvenum
846 2002 1096 2060 eloquentia
1134 2001 1327 2045 fovebat>
1358 2001 1456 2044 Tac.
1489 2015 1528 2045 a.
1560 2003 1626 2051 15,
1655 2000 1750 2055 71),
1787 1999 1841 2042 de
1873 2013 1922 2042 eo

185 2078 336 2128 egerat
364 2072 598 2117 Suetonius
629 2073 678 2116 de
707 2073 839 2124 rhet„
873 2076 973 2116 teste
1002 2072 1142 2115 indice
1171 2070 1310 2124 (Suet.
1341 2070 1403 2115 ed.
1433 2069 1746 2122 Reifferscheid
1765 2084 1813 2124 Ρ.
1835 2068 1921 2122 99).

182 2140 313 2198 Apud
345 2156 444 2185 eum
474 2142 641 2186 studuit
667 2143 844 2185 Persius
874 2143 1038 2184 Romae
1069 2141 1124 2184 ab
1156 2155 1269 2184 anno
1301 2141 1456 2183 aetatis
1486 2154 1590 2182 suae
1611 2139 1704 2181 XII
1732 2137 1787 2180 ad
1810 2137 1922 2180 XVI

183 2211 244 2267 (p.
267 2209 371 2255 Chr.
393 2212 583 2267 46-50)
603 2212 694 2254 vita
713 2211 860 2255 Persii
879 2210 929 2254 de
950 2210 1251 2253 commentario
1270 2208 1409 2252 Probi
1427 2207 1601 2251 sublata
1626 2206 1713 2262 (αΡ.
1736 2204 1921 2258 Reiffer-

180 2279 324 2324 scheid
344 2279 460 2323 Suet.
485 2296 532 2336 Ρ.
557 2280 639 2334 73).
688 2280 873 2337 Scripsit
893 2280 948 2322 de
979 2286 1072 2322 arte
1094 2279 1313 2322 rhetorica
1339 2278 1481 2332 Quint.
1503 2280 1543 2328 3,
1564 2280 1603 2326 1,
1626 2279 1695 2326 21,
1729 2276 1774 2317 in
1795 2290 1921 2317 usum

182 2347 356 2392 scholae
385 2356 555 2393 tantum
577 2351 634 2393 ib.
658 2353 696 2401 7,
716 2354 756 2400 4,
778 2353 857 2401 40,·
888 2350 943 2403 ef.
974 2349 1031 2394 ib.
1052 2352 1091 2399 3,
1115 2351 1153 2399 6,
1175 2350 1240 2390 45.
1270 2351 1310 2398 4,
1332 2351 1370 2397 1,
1395 2350 1465 2389 23.
1500 2349 1536 2396 7,
1558 2349 1598 2395 4,
1621 2348 1691 2388 24.
1739 2344 1919 2386 Dictum

181 2418 274 2461 eius
303 2419 350 2461 in
380 2419 599 2476 quendam
631 2434 757 2462 suum
788 2418 1101 2475 antisophisten
1133 2418 1189 2460 ib.
1218 2420 1284 2468 11,
1305 2419 1344 2467 3,
1367 2418 1464 2459 126.
1492 2438 1544 2444 ——
1578 2413 1631 2456 A.
1654 2414 1722 2468 65,
1748 2412 1919 2455 detecta

181 2488 480 2531 coniuratione
509 2489 758 2543 Pisoniana,
792 2489 837 2530 in
869 2487 1047 2530 exilium
1073 2486 1223 2543 pulsus
1259 2485 1358 2528 Tae.
1392 2498 1433 2526 a.
1463 2486 1527 2533 15,
1563 2486 1628 2526 71.

97 2555 181 2598 284
210 2562 254 2598 L.
288 2563 561 2600 VERGINIVS
593 2563 769 2600 RVFVS.
823 2557 869 2601 T.
891 2571 978 2611 rep.
1003 2557 1048 2598 in
1072 2556 1243 2610 reyione
1264 2554 1379 2596 diota
1398 2552 1598 2595 Brianea
1618 2552 1729 2593 inter
1751 2549 1919 2593 Medio-

183 2624 348 2668 lanium
380 2629 420 2669 et
450 2626 592 2669 laowm
611 2626 795 2668 Larium
826 2625 1005 2668 V5702.
1038 2624 1087 2667 L.
1108 2623 1344 2679 Verginius
1370 2621 1512 2664 Rufus
1545 2620 1726 2670 V5702‚
1755 2621 1854 2661 item
1874 2619 1918 2660 in

181 2696 462 2738 mentionibus
483 2695 727 2738 consulatus
739 2695 878 2750 primi
904 2694 972 2737 VI
983 2696 1065 2736 397
1084 2693 1155 2748 (L.
1176 2691 1415 2746 Verginius
1434 2689 1604 2732 Notizie
1624 2691 1731 2732 1891
1747 2702 1796 2742 Ρ.
1814 2687 1916 2737 265)

180 2766 219 2806 et
249 2762 427 2806 alterius
454 2767 534 2807 act.
566 2763 672 2806 Arv.
706 2778 745 2806 a.
778 2766 844 2814 69,
878 2766 1108 2818 praeterea
1136 2761 1374 2816 Verginius
1407 2758 1472 2802 vel
1503 2757 1740 2812 Verginius
1775 2754 1916 2797 Rufus

177 2831 242 2875 vel
269 2831 422 2876 Rufus.
707 2879 713 2883 ,

267 2899 492 2944 Oriundus
523 2917 580 2944 ex
609 2895 845 2958 municipio
878 2900 1061 2944 finitimo
1090 2899 1291 2944 Comensi
1311 2897 1426 2941 Plin.
1449 2910 1512 2951 ep.
1534 2899 1579 2946 2,
1598 2899 1637 2945 1,
1659 2896 1687 2937 8
1717 2894 1917 2948 (fortasse

183 2969 464 3021 Mediolanio,
488 2984 581 3013 cum
602 2973 630 3013 t.
645 2984 779 3024 supra
794 2970 1008 3021 laudatus,
1022 2970 1192 3025 positus
1213 2982 1242 3010 a
1260 2980 1378 3010 servo
1399 2966 1500 3015 eius,
1521 2978 1609 3018 rep.
1631 2964 1689 3006 sit
1699 2962 1809 3017 pari
1826 2961 1917 3015 fere

184 3038 404 3082 intervallo
425 3041 536 3081 inter
558 3038 871 3082 Mediolanium
892 3041 931 3080 et
957 3037 1155 3089 Comum,·
1182 3040 1222 3079 et
1239 3035 1509 3091 reperiuntur
1527 3031 1788 3075 Mediolanii
1807 3043 1915 3073 com-

177 3107 327 3162 plures
356 3107 410 3150 L.
451 3106 663 3162 Veryinii,
706 3106 749 3150 V
767 3109 886 3150 5899.
918 3110 1055 3158 6120;
1094 3107 1149 3160 ef.
1182 3107 1414 3161 praeterea
1445 3102 1487 3146 V
1509 3103 1647 3158 6118).
1708 3099 1914 3156 Equestri

180 3175 344 3218 familia
380 3176 479 3219 Tae.
510 3175 551 3221 h.
583 3179 622 3226 1,
651 3178 723 3220 52.
783 3175 923 3218 Natus
953 3191 993 3218 a.
1022 3190 1064 3232 p.
1097 3174 1201 3219 Chr.
1235 3174 1331 3217 14s5
1356 3173 1539 3230 (quippe
1567 3175 1766 3212 mortuus
1796 3183 1835 3212 a.
1858 3168 1912 3210 97

180 3251 266 3288 tres
298 3251 340 3288 et
380 3246 600 3301 octoginta
640 3259 777 3288 annos
812 3245 957 3300 natus)
988 3244 1104 3287 Plin.
1135 3259 1196 3299 ep.
1230 3246 1272 3296 2,
1303 3246 1341 3294 1,
1370 3246 1409 3286 4.
1468 3237 1633 3284 Consul
1663 3236 1755 3281 ord.
1786 3252 1825 3281 a.
1856 3237 1912 3280 63

178 3328 278 3357 cum
309 3313 359 3357 C.
381 3313 585 3356 Memmio
608 3313 775 3369 Regulo
804 3314 925 3369 fasti.
971 3314 1164 3369 Legatus
1196 3312 1459 3356 Germaniae
1490 3305 1911 3364 (superioris),1³lut.

175 3380 304 3425 Galb.
335 3385 374 3433 6,
406 3381 496 3425 Dio
526 3385 591 3434 63,
623 3385 682 3426 24
713 3383 963 3438 (superioris
989 3384 1241 3437 provinciae
1281 3382 1466 3437 leyatum
1503 3391 1597 3423 eum
1623 3375 1760 3430 fuisse
1792 3367 1842 3418 et'
1861 3389 1912 3418 ex

1559 3450 1631 3487 26*
