2242 3672
153 259 391 297 SEPTIMIA
1018 257 1066 298 21
1075 256 1102 299 9
1619 260 1976 297 SEPTVMVLEIA

243 389 537 440 Vaballathus,
571 391 747 433 coniecit
776 391 1014 436 Mommsen
1045 393 1248 437 Zeitscbr.
1280 394 1312 448 f.
1347 393 1473 436 Num.
1506 395 1546 444 5,
1575 395 1686 436 1878
1707 407 1754 448 10.
1781 395 1871 436 229
1891 405 1974 447 seq.

237 461 292 514 ef.
322 459 380 502 ad
408 458 497 501 III
521 458 567 502 S.
601 458 627 501 l.
661 473 694 501 c.
753 460 987 515 Imperium
1028 463 1116 505 eius
1155 463 1202 505 in
1239 462 1431 518 Aeyypto
1471 476 1557 505 non
1595 461 1771 504 multum
1810 461 1976 504 videtur

236 529 453 571 duravisse
482 527 601 570 ultra
631 527 670 570 d.
701 531 758 571 29
788 529 901 584 Auy.
923 534 1023 581 271,
1056 531 1111 585 cf.
1143 532 1219 574 sub
1253 531 1520 576 Vaballatho.
1578 531 1704 585 (Eius
1735 531 1901 573 amicus
1933 539 1976 574 et

236 599 377 640 socius
408 597 584 639 Firmus
616 604 830 652 tyrannus
861 599 933 641 vit.
955 599 1095 642 Firm.
1117 603 1156 651 3,
1179 604 1205 643 1
1236 600 1291 654 cf.
1311 602 1350 650 5,
1372 600 1430 654 1).

320 666 449 708 Victa
479 665 535 708 ab
566 664 803 708 Aureliano
836 667 995 710 Zonar.
1027 671 1097 719 12,
1126 672 1198 719 27,
1230 669 1416 725 primum
1448 667 1565 725 apud
1596 667 1870 711 Antiochiam
1901 670 1974 714 vit.

234 734 461 777 Aurelian.
492 737 562 785 25,
596 738 635 785 1,
669 734 828 778 Zosim.
849 739 886 786 1,
909 739 976 787 50,
1009 737 1132 779 brevi
1164 738 1400 780 certamine
1429 738 1502 782 vit.
1532 736 1682 780 Aurel.
1715 737 1741 780 l.
1774 752 1806 782 c.
1839 739 1974 795 (apud

236 805 397 847 Immas
441 803 556 845 haud
597 803 750 860 procul
781 804 837 846 ab
868 805 1102 848 Antiochia
1130 806 1237 861 Rus.
1267 806 1422 848 Festus
1451 809 1530 857 24,
1570 806 1856 862 Hieronymus
1885 807 1972 850 chr.

234 886 267 915 s.
291 887 330 915 a.
351 874 484 924 2289,
517 872 736 927 Syneellus
757 887 806 927 p.
836 876 919 916 721
950 874 1011 918 ed.
1033 873 1200 926 Bonn.,·
1228 874 1343 916 haud
1376 874 1504 929 longe
1534 874 1589 917 ab
1615 874 1850 918 Antiochia
1880 877 1973 918 sine

233 943 359 996 gravi
382 941 545 998 proelio
568 948 697 998 capta
716 942 900 997 Eutrop.
922 946 961 993 9,
983 946 1037 986 13
1060 944 1200 986 minus
1222 946 1444 994 accurate;
1474 943 1612 998 magis
1633 943 1785 1000 proelii
1808 951 1973 988 terrore

233 1025 366 1067 quam
396 1009 560 1067 proelio
592 1011 636 1052 in
669 1017 924 1067 potestatem
955 1012 1132 1054 redacta
1161 1011 1281 1055 Oros.
1307 1015 1343 1063 7,
1365 1015 1435 1062 23,
1456 1012 1514 1066 4),
1547 1011 1706 1054 deinde
1736 1014 1853 1069 apud
1886 1015 1971 1056 He-

232 1094 395 1121 mesam
423 1080 495 1121 vit.
528 1079 757 1122 Aurelian.
792 1082 863 1131 25,
896 1084 951 1132 2;
993 1081 1151 1123 Zosim.
1182 1084 1222 1131 1,
1252 1083 1324 1124 52.
1358 1083 1413 1123 53
1446 1080 1516 1136 (cf.
1553 1080 1792 1124 Mommsen
1820 1082 1876 1125 R.
1916 1082 1970 1125 G.

239 1148 281 1191 V
292 1163 340 1203 p.
362 1152 444 1191 440
474 1152 557 1192 not.
586 1152 637 1200 1;
678 1149 868 1191 No'ldeke
899 1150 1104 1194 Zeitschr.
1137 1150 1212 1192 der
1242 1149 1466 1192 deutschen
1503 1149 1704 1205 moryenl.
1744 1150 1970 1196 Gesellsch.

232 1220 301 1268 39,
322 1220 434 1260 1885
447 1232 494 1272 p.
511 1217 623 1272 339).
668 1217 933 1260 Aurelianus
956 1234 1050 1261 eam
1071 1219 1126 1260 ad
1147 1218 1411 1261 deditionem
1436 1218 1631 1260 hortatur
1650 1219 1722 1261 vit.
1744 1219 1971 1263 Aurelian.

232 1289 302 1337 26,
330 1290 379 1338 6,·
410 1287 680 1329 continuator
698 1286 856 1329 Dionis
883 1287 991 1342 (Dio
1023 1287 1084 1332 ed.
1106 1287 1306 1341 Dindorf
1322 1287 1363 1330 V
1368 1301 1418 1341 p.
1434 1286 1556 1342 229).
1608 1286 1718 1330 Cum
1740 1288 1797 1330 ad
1816 1289 1972 1331 Persas

231 1355 410 1410 fugeret,
437 1363 565 1412 capta
583 1362 625 1397 et
644 1355 701 1398 ad
718 1355 1006 1398 Aurelianum
1023 1356 1211 1398 deducta
1229 1357 1302 1398 vit.
1319 1355 1547 1400 Aurelian.
1568 1358 1639 1406 28,
1663 1356 1820 1401 Zosim.
1843 1361 1882 1408 1,
1902 1360 1969 1409 55,

232 1425 305 1481 qui
328 1425 461 1467 vitam
494 1425 532 1466 ei
565 1425 779 1467 concessit
803 1426 876 1467 vit.
898 1425 1047 1468 Aurel.
1069 1428 1137 1476 30,
1172 1425 1330 1468 Zosim.
1350 1429 1388 1476 1,
1410 1427 1476 1467 56.
1523 1425 1575 1467 In
1599 1425 1816 1482 triumpho
1840 1426 1972 1468 ducta

229 1492 284 1536 ab
317 1492 555 1536 Aureliano
586 1494 749 1536 Romae
782 1494 880 1548 triy.
913 1497 992 1549 tyr.
1021 1497 1088 1544 30,
1121 1497 1160 1538 3.
1191 1497 1257 1547 30,
1289 1496 1359 1544 24,
1391 1494 1463 1535 vit.
1495 1492 1644 1536 Aurel.
1674 1497 1741 1544 30,
1764 1497 1806 1537 2.
1835 1497 1906 1545 32,
1928 1498 1968 1537 4.

227 1565 295 1605 33.
316 1566 380 1618 34,
412 1562 602 1617 Eutrop.
624 1566 662 1614 9,
686 1566 751 1614 13,
783 1562 891 1618 Ruf.
912 1561 1069 1606 Festus
1088 1567 1157 1617 24,
1190 1563 1370 1606 Hieron.
1393 1562 1452 1605 ad
1473 1577 1512 1605 a.
1537 1565 1667 1607 2290.
1718 1563 1821 1606 Viro
1848 1578 1968 1606 sena-

230 1633 340 1674 torio
370 1632 544 1675 cuidam
575 1633 618 1673 in
643 1633 966 1675 matrimonium
988 1631 1199 1675 collocata
1220 1631 1400 1687 Syncell.
1424 1646 1473 1686 p.
1497 1634 1591 1682 721,
1624 1632 1785 1675 Zonar.
1805 1636 1875 1683 12,
1896 1636 1968 1678 27.

233 1700 411 1744 ‘Fertur
439 1702 607 1743 vixisse
638 1717 737 1744 cum
777 1701 924 1744 liberis
963 1709 1188 1744 matronae
1228 1702 1314 1744 iam
1352 1715 1470 1743 more
1500 1701 1722 1744 Romanae
1751 1701 1855 1744 data
1883 1703 1967 1746 sibi

228 1771 499 1827 possessione
540 1772 583 1813 in
615 1771 812 1826 Tiburti,
858 1786 969 1828 quae
1011 1771 1225 1827 hodieque
1266 1770 1516 1825 Zenobia[e]
1548 1770 1722 1812 dicitur‘
1758 1771 1854 1826 triy.
1887 1775 1966 1827 tyr.

227 1842 295 1891 30,
325 1843 398 1885 27.
461 1840 529 1882 ‘In
570 1840 678 1883 urbe
720 1855 886 1883 summo
928 1840 1092 1882 honore
1123 1840 1362 1882 consenuit'
1398 1839 1643 1894 Hieronym.
1677 1839 1735 1882 ad
1764 1854 1804 1882 a.
1834 1844 1966 1885 2290.

232 1908 451 1951 ‘Posteros
473 1909 548 1965 qui
570 1907 712 1950 adhuc
733 1915 910 1951 manent
933 1909 1097 1951 Romae
1124 1908 1314 1965 reliquit‘
1329 1908 1511 1962 Eutrop.
1530 1911 1635 1959 9,13
1651 1909 1705 1962 cf.
1718 1908 1964 1964 Hieronym.

231 1976 256 2021 l.
292 1990 326 2021 c.
387 1977 457 2032 (In
488 1978 643 2019 itinere
674 1977 879 2020 defuncta
911 1978 1066 2022 Zosim.
1088 1981 1127 2029 1,
1148 1981 1215 2028 59,
1247 1978 1347 2019 item
1379 1977 1536 2019 Zonar.
1569 1976 1596 2020 l.
1629 1991 1678 2028 c.,
1701 1981 1804 2032 post
1833 1978 1967 2021 aliam

226 2047 535 2099 narrationem,
568 2046 616 2089 de
646 2061 732 2101 qua
761 2061 918 2102 supra,·
947 2047 1059 2089 filias
1091 2049 1182 2089 eius
1213 2046 1476 2090 Aurelianus
1507 2046 1730 2089 nobilibus
1761 2048 1966 2090 Romanis

228 2115 468 2170 collocavit,
502 2130 632 2157 unam
663 2117 755 2173 ipse
786 2131 968 2158 uxorem
999 2115 1127 2158 duxit
1149 2115 1308 2158 Zonar.
1330 2115 1356 2157 l.
1381 2115 1448 2169 c.).
1499 2114 1587 2170 (Ab
1621 2115 1857 2159 Aureliano
1889 2132 1968 2174 per

227 2191 316 2227 tres
351 2184 444 2227 dies
474 2183 759 2227 Antiochenis
800 2191 1037 2239 ostentata3
1080 2184 1237 2226 deinde
1273 2185 1435 2226 Romae
1476 2185 1520 2226 in
1560 2183 1776 2240 triumpho
1820 2184 1964 2240 ducta,

228 2261 446 2311 postremo
491 2254 632 2296 occisa
678 2253 877 2296 Malalas
913 2253 940 2296 l.
979 2253 1088 2296 XII
1110 2268 1159 2308 p.
1189 2256 1270 2296 300
1309 2253 1373 2295 ed.
1411 2252 1584 2307 Bonn.).
1661 2253 1826 2295 Parens
1872 2255 1965 2297 eius

227 2321 466 2377 Achilleus,
498 2323 569 2365 cui
599 2330 697 2379 post
728 2338 823 2365 eam
854 2330 1024 2379 captam
1056 2321 1305 2379 Palmyreni
1337 2323 1566 2378 imperium
1596 2330 1863 2379 paraverunt
1891 2324 1964 2369 vit.

227 2392 454 2434 Aurelian.
475 2395 541 2443 31,
563 2395 607 2435 2.
668 2392 935 2434 Memoratur
959 2391 1177 2434 Ammian.
1208 2391 1407 2434 Marcell.
1438 2394 1509 2442 28,
1543 2395 1581 2442 4,
1615 2394 1654 2434 9.
1681 2416 1736 2422 -
1766 2392 1965 2435 Arabum

227 2461 508 2504 recentiorum
546 2462 818 2504 narrationes
858 2460 1066 2515 quasdam
1097 2461 1155 2503 ad
1183 2454 1415 2503 Zenobiam
1446 2460 1664 2514 pertinere
1692 2461 1867 2514 fuerunt
1894 2462 1968 2516 qui

228 2531 314 2574 sibi
333 2531 642 2585 persuaserint,
677 2531 730 2585 cf.
756 2530 940 2573 Caussin
961 2530 1010 2573 de
1031 2529 1234 2573 Perceval
1255 2530 1367 2572 essai
1384 2542 1461 2571 sur
1481 2528 1684 2572 l’bistoire
1705 2529 1776 2572 des
1794 2530 1965 2574 Arabes

230 2603 361 2642 avant
391 2599 653 2642 l’islamisme
682 2603 725 2654 2,
756 2603 821 2642 30.
853 2601 947 2642 198.

142 2669 226 2712 356
257 2668 310 2722 Q.
339 2668 570 2725 Septueius
596 2668 771 2719 Valens,
801 2668 1092 2725 pro(curator)
1125 2666 1440 2720 ferram-iarum)
1473 2669 1500 2709 t.
1525 2666 1714 2710 Noricus
1744 2668 1834 2710 III
1853 2671 1964 2711 4809

228 2738 293 2792 (in
321 2737 462 2780 eodem
493 2740 521 2779 t.
542 2741 802 2780 memoratur
823 2737 876 2790 Q.
899 2737 1132 2793 Septueius
1155 2735 1356 2779 Clemens
1382 2735 1620 2778 conductor
1650 2735 1962 2791 ferrariarum).

143 2807 226 2849 357
260 2806 487 2863 Septuma,
527 2805 795 2861 Secundin[i]
836 2805 1017 2861 (videtur
1054 2805 1204 2846 mariti
1239 2803 1429 2858 nomen),
1470 2811 1703 2847 matertera
1748 2807 1964 2849 testatoris

226 2875 467 2930 (Dasumii)
500 2878 791 2918 testamentum
821 2874 890 2917 VI
911 2877 1057 2917 10229
1087 2887 1123 2915 v.
1158 2876 1208 2916 79
1238 2874 1293 2927 cf.
1323 2875 1391 2915 83.
1422 2875 1490 2917 85.

155 2968 214 2974 --
259 2943 472 3001 Septumi-
502 2958 539 2987 v.
574 2943 786 3000 Septimi-.

141 3013 224 3055 358
258 3012 578 3070 Septumuleia,
621 3019 760 3055 mater
801 3012 913 3054 Iunii
951 3010 1170 3054 Iuvenalis
1210 3011 1300 3053 vita
1328 3011 1559 3062 Iuvenalis,
1599 3025 1726 3066 quam
1765 3026 1786 3054 e
1825 3013 1964 3056 codice

138 3119 143 3124 .
227 3082 547 3125 Barberiniano
585 3095 691 3124 saec.
723 3080 822 3123 XV
842 3081 1000 3135 scripw
1032 3079 1094 3122 ed.
1125 3079 1250 3122 Durr
1280 3079 1358 3123 das
1388 3081 1531 3123 Leben
1558 3080 1758 3123 Iuvenals
1789 3080 1962 3136 (Proyr.

227 3151 298 3194 des
325 3151 628 3206 Gymnasiums
647 3151 694 3192 in
719 3149 761 3193 U
764 3149 822 3191 lm
841 3151 955 3192 1888
965 3148 1115 3204 1612).
1146 3149 1342 3191 Incertae
1361 3149 1464 3204 fidei
1481 3150 1705 3201 narratio,·
1735 3150 1787 3204 cf.
1809 3149 1963 3193 Fried-

227 3219 378 3263 lc'tnder
405 3220 451 3261 in
482 3219 663 3262 editione
692 3217 909 3261 Iuvenalis
930 3232 978 3272 p.
1000 3220 1064 3260 15.

143 3288 227 3331 359
258 3287 576 3344 Septumuleia,
610 3301 731 3329 soror
761 3286 1005 3342 Iuvenalis,
1038 3301 1150 3328 uxor
1180 3286 1360 3329 Fuscini
1389 3287 1479 3329 vita
1507 3286 1717 3341 quaedam
1743 3287 1964 3331 Iuvenalis

229 3355 302 3411 (cf.
333 3357 409 3399 sub
442 3371 492 3399 ea
522 3371 628 3411 quae
650 3355 901 3411 praecediffi.
