2242 3672
194 258 448 302 'TIG'RA‘N'E'S
1058 257 1148 305 ’317
1767 267 2020 305 TIGRANES

281 391 346 453 (ut
375 398 551 440 coniecit
579 397 854 453 Boryhesius)
887 412 1056 442 erasum
1085 399 1132 441 in
1167 398 1303 441 titulis
1333 398 1392 441 acl
1419 397 1668 441 Danuvium
1696 413 1782 442 non
1815 398 1935 454 lonye
1966 400 2019 441 ab

279 467 475 521 Aquineo
499 467 656 521 positis
687 482 726 512 a.
748 470 830 511 185
859 468 948 510 III
968 470 1093 512 3385.
1124 469 1213 511 ΙΙΙ
1231 468 1278 511 S.
1309 471 1461 519 10312,
1492 471 1540 510 ut
1571 468 1732 522 leyatus
1762 468 2018 511 Pannoniae

189 562 192 567 -
279 536 502 590 inferioris
531 537 662 590 fuerit
690 551 802 579 anno
822 539 903 579 185
924 537 1069 592 (etiam
1088 551 1291 580 rasuram
1311 538 1358 579 in
1378 540 1407 579 t.
1428 537 1696 580 Carnuntino
1717 538 1806 580 III
1820 537 1867 581 S.
1888 540 2023 580 11157

279 604 360 647 hue
384 599 549 647 rettulit
568 605 917 661 Hirschfeldius).
958 605 1034 648 Ad
1063 606 1243 648 alterum
1264 621 1284 648 e
1304 606 1410 661 filiis
1440 607 1624 660 fortasse
1652 609 1814 661 spectat
1844 610 1872 649 t.
1895 608 2021 649 Isusi-

278 677 406 716 tanus
434 674 496 716 II
518 677 617 725 258,
651 674 705 728 ef.
737 687 883 728 supra.
935 675 1041 716 Irati
1076 676 1114 716 ei
1146 675 1303 718 milites
1332 676 1548 717 exercitus
1575 675 1817 718 Britannici
1839 677 2020 718 Romam

279 742 461 798 profecti
482 742 539 784 ad
560 744 742 785 exitium
764 758 861 786 eum
883 758 910 785 a
931 743 1166 786 Commodo
1199 743 1600 800 expostulaverunt,
1634 745 1759 801 quasi
1792 745 2020 801 imperium

279 809 368 852 filio
400 811 574 868 pararet
604 810 692 854 Dio
720 815 788 862 72,
819 815 845 854 9
877 812 1053 867 (Zonar.
1075 816 1144 863 12,
1175 812 1220 859 4)
1251 813 1305 866 of.
1340 816 1408 863 72,
1441 816 1506 863 13,
1539 816 1577 864 1,
1609 814 1681 855 vit.
1711 812 1867 856 Comm.
1896 817 1934 864 6,
1967 817 2021 866 2;

273 877 424 922 ‘hostis
455 878 700 936 appellatus
731 879 1077 936 lacerandusque
1103 879 1315 923 militibus
1338 887 1403 923 est
1428 881 1615 923 deditus‘
1639 882 1712 924 vit.
1738 881 1896 925 Comm.
1920 882 1946 925 l.
1971 896 2019 933 e„

278 949 367 1006 Dio
389 950 415 1006 ἶ.
438 964 471 992 e.
495 949 664 1006 (paullo
683 950 812 993 aliter
828 953 1001 992 mortem
1020 950 1227 993 Perennis
1242 954 1399 992 narrat
1414 950 1575 993 Herod.
1593 954 1630 1001 1,
1649 955 1687 1001 9,
1708 954 1766 1008 8),
1791 967 1904 993 anno
1923 952 2017 1006 185,

278 1018 495 1076 siquidem
533 1019 674 1061 occiso
716 1019 915 1061 Perenne
951 1018 1216 1062 Commodus
1260 1018 1501 1075 appellatus
1542 1027 1607 1061 est
1644 1019 1774 1062 Felix
1812 1021 1883 1062 vit.
1917 1022 1958 1070 8,
1996 1023 2021 1061 1

279 1087 346 1141 (de
375 1087 537 1130 Felicis
568 1089 808 1143 eoqnomine
833 1103 867 1130 a
892 1087 1119 1131 Commodo
1152 1101 1192 1130 a.
1214 1090 1296 1131 185
1326 1088 1550 1143 adsumpto
1582 1088 1638 1142 ef.
1667 1088 1829 1131 Eekliel
1855 1091 1891 1139 7,
1914 1091 1995 1131 135
2009 1101 2022 1139 ;

281 1170 393 1199 anno
423 1159 507 1200 186
547 1157 715 1200 eaedem
756 1157 965 1200 Perennis
1000 1156 1153 1199 tribuit
1186 1157 1410 1200 Tillemont
1438 1160 1619 1211 propter
1650 1171 1826 1213 ayonem
1852 1156 2023 1211 Capito-

279 1225 413 1268 linum
435 1226 489 1268 ab
511 1226 672 1270 Herod.
695 1229 734 1276 1,
758 1230 798 1277 9,
820 1230 852 1269 2
872 1225 1177 1281 memoratum).
1226 1225 1335 1269 Cum
1359 1241 1408 1268 eo
1432 1241 1544 1268 uxor
1566 1232 1608 1268 et
1629 1240 1751 1268 soror
1771 1234 1814 1268 et
1835 1225 1919 1268 duo
1942 1225 2019 1268 filii

230 1299 234 1303 ’
277 1296 503 1351 perierunt
521 1295 612 1338 Dio
633 1296 658 1338 l.
682 1310 714 1340 e.
739 1297 886 1350 (unius
908 1303 1078 1339 tantum
1105 1295 1181 1338 filii
1204 1296 1381 1338 caedem
1402 1302 1614 1338 memorat
1633 1296 1704 1340 vit.
1730 1295 1888 1340 Comm.
1911 1299 1949 1346 6,
1971 1299 2023 1348 4;

279 1363 394 1407 filius
416 1366 508 1407 eius
530 1364 649 1407 falsis
669 1365 825 1408 litteris
847 1364 1030 1420 illectus,
1052 1371 1101 1407 ut
1122 1364 1274 1407 relicta
1293 1366 1519 1421 provincia
1550 1366 1594 1406 in
1626 1364 1799 1407 Italiam
1829 1365 2018 1421 proficis-

278 1440 474 1492 ceretur,
502 1434 651 1491 ibique
681 1434 933 1477 interfectus
966 1434 1126 1477 Herod.
1158 1438 1196 1484 1,
1229 1437 1267 1484 9,
1300 1435 1359 1489 9).
1421 1434 1641 1477 SuccesSit
1671 1434 1707 1475 ei
1746 1434 1791 1475 in
1827 1434 2022 1490 potentia

279 1501 498 1550 Cleander
527 1501 616 1545 Dio
649 1505 716 1557 72,
747 1506 817 1553 12,
848 1503 921 1544 vit.
955 1501 1110 1545 Comm.
1141 1505 1178 1552 6,
1217 1503 1260 1543 in
1293 1502 1567 1558 praefectura
1598 1502 1735 1556 Niger
1765 1502 1822 1546 ib.
1854 1506 1891 1553 6,
1924 1505 1963 1545 6.

194 1567 274 1614 147
306 1570 541 1627 Tigranes,
586 1587 665 1613 rex
703 1571 939 1614 Armeniae
980 1571 1084 1625 (II):
1125 1571 1384 1614 Artavasdis
1424 1572 1540 1626 regis
1583 1570 1848 1626 (Armeniae)
1891 1570 2020 1626 filius,

278 1640 482 1696 Tigranis
511 1641 626 1696 regis
657 1655 792 1697 nepos
821 1654 931 1683 mon.
964 1640 1126 1696 Aneyr.
1148 1642 1188 1691 5,
1211 1644 1282 1691 26,
1314 1640 1479 1695 Ioseph.
1504 1640 1597 1683 bell.
1620 1642 1688 1695 15,
1712 1643 1748 1691 4,
1771 1644 1810 1691 3,
1842 1640 2022 1683 Artaxis

278 1709 371 1751 sive
401 1708 614 1752 Artaxiae
646 1709 797 1765 (supra
825 1708 870 1750 A
901 1708 998 1764 961)
1030 1708 1166 1751 frater
1195 1709 1337 1751 minor
1362 1708 1529 1763 Ioseph.
1562 1708 1589 1750 l.
1623 1722 1656 1751 e.
1688 1709 1742 1762 ef.
1764 1707 1853 1751 Dio
1885 1711 1952 1760 54,
1983 1713 2022 1754 9.

277 1778 380 1821 Una
405 1793 504 1820 cum
534 1784 658 1834 patre
680 1784 722 1820 et
752 1777 961 1820 fratribus
982 1793 1008 1820 a
1033 1777 1093 1822 M.
1114 1777 1306 1820 Antonio
1333 1778 1379 1819 in
1400 1777 1650 1833 Aegyptum
1672 1777 1828 1819 missus
1854 1777 2020 1832 Ioseph.

279 1846 305 1890 l.
328 1860 361 1889 e.
416 1845 557 1903 Capta
577 1846 848 1889 Alexandria
878 1846 934 1889 ab
961 1845 1162 1901 Augusto
1184 1846 1340 1889 Artaxi
1373 1845 1499 1888 fratri
1529 1846 1635 1901 (iam
1660 1846 1753 1900 reyi
1771 1845 2021 1902 Armeniae)

278 1917 478 1972 quamvis
519 1917 683 1972 petenti
726 1931 815 1958 non
856 1916 1062 1958 remissus
1093 1914 1181 1958 Dio
1211 1917 1278 1965 51,
1310 1918 1364 1957 16
1405 1915 1497 1970 (ubi
1524 1928 1675 1957 nomen
1703 1928 1788 1957 non
1809 1915 2022 1969 ponitur).

279 1986 442 2028 Romae
473 1984 594 2040 degit
616 1984 705 2027 Dio
731 1987 797 2035 54,
820 1987 860 2027 9.
911 1984 964 2026 A.
990 1985 1074 2027 734
1105 1985 1338 2026 arcessitus
1369 1983 1423 2026 ab
1455 1983 1673 2026 Armeniis
1703 1983 1793 2025 Dio
1825 1983 1850 2027 l.
1884 1998 1930 2038 e.,
1965 1991 2018 2038 et,

278 2068 379 2096 cum
419 2054 671 2096 interfectus
714 2060 827 2095 esset
868 2053 1080 2108 Artaxes,
1125 2054 1170 2095 in
1211 2067 1393 2107 regnum
1433 2052 1645 2094 deductus
1687 2068 1712 2094 a
1748 2052 1815 2095 Ti.
1847 2052 2021 2094 Nerone

277 2137 388 2166 mon.
410 2122 570 2178 Aneyr.
602 2126 640 2174 5,
668 2126 738 2174 27,
777 2123 874 2166 Tae.
908 2137 948 2165 a.
979 2126 1023 2173 2,
1045 2126 1084 2173 3,
1115 2122 1205 2164 Dio
1236 2122 1262 2166 l.
1295 2136 1343 2173 e.,
1375 2121 1543 2176 Ioseph.
1577 2121 1603 2163 l.
1637 2135 1684 2176 o.,
1718 2121 1835 2165 Suet.
1864 2122 1958 2164 Tib.
1981 2125 2019 2171 9,

283 2191 386 2235 Vell.
415 2196 459 2242 2,
492 2195 546 2234 94
579 2192 671 2247 (ubi
709 2206 850 2234 errore
880 2191 1146 2234 Artavasdes
1166 2192 1349 2246 ponitur
1370 2205 1455 2245 pro
1489 2190 1691 2245 szrancy
1722 2191 1778 2244 ef.
1809 2194 1900 2234 122
1931 2190 2023 2245 (ubi

277 2261 441 2303 nullum
470 2261 583 2315 reyis
609 2275 760 2303 nomen
781 2261 993 2317 ponitur).
1060 2259 1272 2307 Βασιλέως
1308 2262 1485 2317 μεγάλου
1523 2259 1715 2316 Τιγράνου
1754 2258 2020 2317 φιλέλλην[ος]

277 2343 473 2373 nummus
511 2344 579 2384 ap.
611 2329 819 2384 Lanylois
856 2343 967 2374 num.
1010 2328 1059 2372 de
1099 2328 1333 2371 Z'Arme'nie
1364 2343 1412 2382 p.
1444 2330 1510 2370 37.
1576 2327 1674 2370 Νοη
1711 2327 1786 2370 diu
1817 2330 2018 2382 regnavit

287 2398 384 2441 Tae.
409 2413 449 2443 a.
475 2403 519 2450 2,
539 2402 579 2450 3,
612 2398 843 2441 defunctus
876 2405 993 2440 certe
1024 2404 1124 2440 ante
1155 2412 1318 2440 annum
1351 2397 1433 2439 748
1469 2397 1629 2439 Zonar.
1661 2400 1725 2447 10,
1759 2399 1816 2438 35
1847 2398 1901 2451 ef.
1934 2396 2023 2439 Dio

278 2470 343 2518 55,
366 2471 403 2511 9.
456 2469 657 2523 Regnum
688 2467 868 2524 reliquit
894 2466 981 2509 filio
1008 2466 1211 2523 filiaeque
1236 2467 1425 2508 ‘sociatis
1450 2480 1570 2508 more
1591 2472 1771 2508 externo
1799 2467 1844 2507 in
1874 2466 2021 2508 matri-

280 2538 474 2579 monium
505 2535 791 2594 regnumque‘
818 2536 918 2579 Tac.
952 2536 979 2580 l.
1011 2550 1045 2578 e.
1078 2536 1147 2591 (ef.
1179 2535 1255 2578 sub
1288 2549 1334 2577 eo
1365 2535 1439 2589 qui
1467 2536 1688 2592 sequitur).

197 2606 275 2648 148
307 2605 532 2661 Tigranes,
564 2620 645 2648 rex
673 2606 910 2649 Armeniae
942 2606 1061 2659 (ΙΙΙ).
1111 2604 1199 2647 Hie
1228 2603 1394 2647 videtur
1424 2603 1541 2659 filius
1571 2604 1660 2646 eius
1691 2603 1765 2658 qui
1788 2603 2019 2659 praeeedit,

278 2689 399 2728 quem
427 2689 517 2718 una
547 2689 639 2718 eum
670 2689 814 2718 sorore
842 2674 1066 2729 eademque
1095 2688 1228 2716 uxore
1249 2674 1378 2728 patri
1405 2673 1650 2716 successisse
1678 2676 1834 2715 narrat
1855 2672 1956 2715 Tae.
1979 2687 2020 2715 a.

277 2747 320 2795 2,
342 2747 382 2787 3.
429 2744 526 2786 Rex
548 2743 783 2786 Armeniae
815 2759 902 2786 una
933 2758 1030 2785 cum
1062 2758 1208 2785 sorore
1230 2743 1363 2785 Erato
1385 2742 1549 2784 nummi
1579 2756 1647 2796 ap.
1670 2741 1878 2797 Lanylois
1906 2756 2019 2784 num.

281 2812 329 2855 de
371 2812 601 2855 l’Arme'nie
630 2827 679 2867 p.
706 2816 760 2855 39
791 2813 990 2867 inseripti
1029 2813 1213 2870 βασιλεὺς
1254 2812 1451 2869 βασιλέων
1483 2810 1677 2868 Τιγράνης
1718 2810 1800 2864 (vel
1840 2812 2023 2868 βασιλεὺς

282 2882 405 2939 μέγας
436 2882 523 2928 νέος
555 2881 782 2939 Τιγράνης),
815 2880 973 2938 Ἐρατὼ
1008 2881 1204 2938 βασιλέως
1229 2880 1447 2938 Τιγράνους
1477 2882 1649 2937 ἀδελφή.
1699 2878 1874 2921 Videtur
1902 2879 2020 2921 insti-

280 2953 396 2993 tutus
432 2964 517 2993 esse
553 2965 580 2992 a
614 2950 801 3004 faotione
834 2949 1068 3000 Parthica,
1109 2950 1347 2992 Mommsen
1389 2949 1447 2992 ad
1486 2963 1596 2991 mon.
1628 2947 1820 3002 Aneynss
1849 2962 1897 3001 p.
1929 2950 2021 2992 113.

280 3018 527 3061 Artavasde
558 3018 733 3073 (scilieet
761 3032 806 3061 eo
828 3032 947 3072 quem
966 3018 1158 3061 Romani
1181 3021 1331 3061 eontra
1361 3032 1453 3061 eum
1484 3031 1624 3072 reyem
1654 3017 1855 3070 fecerant,
1887 3029 2022 3070 supra

280 3087 323 3129 A
354 3086 450 3142 956)
491 3087 718 3142 defuncto,
759 3086 924 3141 legatos
965 3086 1021 3128 ad
1058 3087 1307 3142 Augustum
1339 3087 1480 3138 misit,
1513 3101 1611 3128 cum
1642 3092 1770 3127 antea
1800 3085 1845 3126 id
1876 3085 2019 3127 facere

282 3156 511 3211 noluisset,
545 3170 727 3211 regnum
760 3155 916 3198 scilicit
944 3156 1002 3198 ab
1035 3171 1083 3198 eo
1114 3163 1289 3213 petenst,
1331 3156 1560 3211 Augustus
1602 3154 1728 3196 iussit
1768 3167 1868 3194 eum
1909 3151 2019 3194 bono

281 3226 426 3267 animo
459 3240 552 3266 esse
583 3231 625 3266 et
655 3227 699 3267 in
729 3224 902 3280 Syriam
933 3224 987 3266 ad
1019 3224 1069 3267 C.
1100 3224 1333 3268 Caesarem
1364 3225 1513 3267 venire
1533 3222 1622 3266 Dio
1649 3236 1733 3265 eae.
1756 3221 1806 3264 de
1832 3221 1907 3276 leq.
1940 3220 2021 3274 (ed.

281 3292 415 3336 Dind.
446 3296 474 3336 5
501 3308 551 3348 p.
582 3293 698 3340 237).
769 3293 905 3346 Periit
945 3292 1058 3336 bello
1100 3300 1252 3336 contra
1293 3292 1504 3350 quosdam
1543 3291 1751 3335 barbaros
1792 3291 2020 3333 commisso

281 3363 339 3416 (a.
372 3362 457 3405 754
486 3361 553 3404 vel
573 3360 731 3418 'paullo
762 3362 881 3417 ante)
912 3361 1001 3405 Dio
1032 3355 1097 3413 55,
1129 3365 1220 3406 10⁰.
