2242 3672
299 242 561 279 VITRASIVS
1162 233 1246 275 456
1298 279 1301 280 ⁷
1771 264 1774 267 -
1835 240 2101 278 VITRVVIVS

387 373 633 429 ordinario),
671 377 843 413 curator
873 369 984 411 alvei
1015 369 1187 412 Tiberis
1217 371 1406 426 riparum
1439 369 1683 413 cloacarum
1712 370 1832 413 urbis
1865 404 2101 415 .........

384 442 484 497 (hoc
518 440 663 484 ordine
697 441 743 481 in
778 442 828 489 t.,
869 438 916 480 iol
954 441 1015 480 est
1052 438 1234 491 fortasse
1267 437 1402 493 nullo)
1438 442 1466 483 t.
1503 437 1734 494 Capuanus
1767 439 1815 482 X
1839 421 1949 482 3870
1978 416 2103 483 semel

384 511 614 563 descriptus
644 508 697 550 ab
731 510 899 560 auctore
919 506 1168 561 plerumque
1197 507 1304 549 satis
1334 511 1555 559 accurato,
1597 508 1671 550 secl
1697 509 1771 562 qui
1797 508 1907 560 hunc
1935 508 2104 556 titulum

384 579 489 621 lectu
527 578 612 620 sibi
655 576 872 631 difficilem
919 576 1052 629 fuisse
1092 579 1280 630 ‘propter
1318 576 1582 619 characteres
1625 578 1712 619 iam
1751 578 1970 631 fuyientes’
2013 578 2103 632 ipse

379 649 563 701 fatetur;
603 649 642 688 et
670 645 768 700 fieri
792 647 934 699 potest
963 647 1012 686 ut
1045 644 1180 686 multa
1213 644 1323 687 male
1358 648 1531 700 excepta
1563 646 1650 688 sint
1684 646 1752 700 (cf.
1789 646 2105 698 Domaseewski

378 716 551 758 Eranos
580 713 752 757 Vindob.
773 727 821 767 Ρ.
843 715 898 755 63
926 716 1011 755 not.
1031 713 1087 762 4).

295 785 376 826 523
407 783 623 826 Vitrasius
666 780 802 824 Pollio
848 781 1070 838 (Οὐητρασ-
1109 782 1342 837 scribitur),
1383 782 1628 839 praefectus
1669 782 1861 840 Aegypti
1908 790 2100 834 mortuus

379 868 416 895 a.
449 867 488 908 p.
522 850 624 893 Chr.
656 851 731 904 323
777 851 816 890 ei
862 851 1067 892 successit
1113 849 1307 893 Hiberus
1346 850 1436 893 Dio
1464 854 1629 903 58,19.
1700 851 1892 907 (Iniuria
1922 855 2102 907 propter

379 919 445 962 CI
446 919 498 963 G.
529 922 638 962 4953
676 932 760 960 non
798 921 907 960 recte
948 919 1154 973 expletum
1193 934 1286 961 eum
1315 921 1583 974 praefectum
1619 920 1806 975 Aeyypti
1842 921 1974 975 fuisse
2012 922 2098 967 iam

378 1003 417 1030 a.
441 1004 488 1043 Ρ.
521 987 620 1031 Chr.
652 990 709 1029 17
737 990 987 1038 statuerant,
1025 988 1079 1041 cf.
1110 988 1186 1030 sub
1218 1003 1263 1031 eo
1293 989 1367 1042 qui
1395 989 1613 1044 sequitur).
1669 989 1755 1038 Hic
1793 990 1996 1044 fortasse,
2037 990 2107 1034 vel·

377 1058 414 1099 is
443 1057 516 1111 qui
540 1056 740 1110 sequitur,
774 1091 782 1099 .
802 1055 1087 1110 ,[Vitr]asius
1119 1055 1301 1111 [P]ollio,
1336 1056 1385 1099 C.
1408 1057 1450 1112 f.,
1484 1057 1730 1113 praefectus
1753 1059 1958 1114 equitum,
1990 1058 2100 1116 [pro-

377 1125 566 1179 cu]rator
593 1158 602 1167 .
621 1157 631 1166 .
648 1123 911 1178 ‚[Augu]sti
934 1123 1192 1179 Gallia[rum
1213 1090 1492 1181 Aquit]ani⁷ae
1513 1132 1556 1168 et
1578 1125 1902 1182 [Narboneanis
1930 1130 1958 1170 t.
1977 1126 2099 1180 Cam-

372 1206 517 1247 panus
543 1193 592 1235 X
616 1157 738 1235 3871.

291 1262 375 1304 524
406 1261 452 1304 O.
485 1262 701 1304 Vitrasius
732 1260 883 1302 Pollio.
956 1261 1088 1303 Tituli
1116 1261 1392 1316 Aeyyptiaci;
1432 1262 1676 1318 Syenensis,
1718 1277 1751 1308 c.
1782 1278 1819 1308 r.
1852 1263 1901 1306 cle
1931 1264 2097 1308 l'Acacl.

377 1330 447 1372 des
475 1331 748 1384 inscriptions
773 1331 882 1371 1896
902 1343 951 1384 Ρ.
972 1332 1027 1372 39
1048 1329 1120 1384 (1),
1153 1333 1192 1372 et
1211 1331 1371 1373 incerto
1402 1331 1490 1374 loco
1510 1331 1698 1386 Aeyypti
1722 1341 1809 1387 rep.
1843 1331 1913 1375 (ΙΙ
1913 1331 1977 1383 G
1988 1336 2100 1376 4963

376 1400 429 1453 cf.
453 1399 673 1441 Froehner
692 1400 830 1440 muse'e
851 1398 907 1440 du
928 1399 1105 1449 Louvre,
1137 1399 1264 1442 inser.
1284 1414 1482 1455 yrecques
1500 1400 1651 1456 [1865]
1671 1415 1720 1455 Ρ.
1742 1404 1827 1444 219
1855 1415 1898 1450 n.
1918 1390 2001 1450 118
2019 1400 2098 1460 (2).

461 1467 510 1510 C.
542 1468 757 1510 Vitrasius
789 1465 928 1508 Pollio
967 1470 994 1509 t.
1026 1470 1064 1518 1,
1106 1467 1338 1525 Οὐιτράσιος
1370 1468 1540 1512 Πωλίων
1573 1472 1600 1512 t.
1631 1473 1675 1522 2,
1716 1470 1933 1517 Vitrasius
1959 1469 2098 1513 Pollio

376 1536 516 1578 Plinii
558 1536 717 1579 codices
754 1535 950 1590 plerique
989 1536 1190 1590 (Vitriar-
1230 1538 1318 1580 cccl.
1358 1537 1548 1593 Rama).
1618 1538 1883 1598 Praefectus-A
1908 1539 2100 1597 ‘Aegypti

375 1620 487 1647 anno
529 1604 577 1648 C.
616 1595 814 1647 Caesaris
852 1605 978 1647 tertio
1018 1620 1165 1657 mense
1205 1605 1313 1663 Apr.
1356 1606 1481 1663 (Apr.
1513 1607 1586 1661 39)
1632 1610 1660 1649 t.
1691 1610 1740 1658 1,
1786 1622 1900 1654 anno
1944 1614 2098 1664 quarto

374 1672 537 1728 (39l40)
578 1677 606 1716 t.
645 1677 677 1718 2
715 1673 807 1729 (ubi
842 1687 927 1715 non
964 1677 1074 1716 recte
1113 1675 1276 1717 Tiberii
1319 1689 1469 1718 nomen
1511 1675 1778 1730 suppleverat
1819 1676 2100 1730 Letronnius,·

373 1757 523 1786 nomen
563 1756 729 1785 erasum
768 1755 871 1799 esse,
915 1742 1080 1785 brevius
1119 1750 1245 1797 quam
1285 1744 1448 1787 Tiberii
1486 1747 1526 1787 et
1563 1744 1675 1798 Quod
1703 1759 1731 1787 a
1767 1745 1809 1805 G
1853 1745 1998 1788 littera
2034 1746 2099 1789 in-

375 1812 568 1866 cipiebat,
602 1814 780 1853 testatur
805 1810 1054 1866 Froehner),
1087 1818 1220 1868 atque
1243 1814 1373 1855 etiam
1394 1813 1474 1855 sub
1496 1812 1676 1856 Claudio
1705 1813 1991 1870 (procurator,
2022 1814 2097 1871 qui

376 1880 556 1923 Claudio
579 1879 754 1922 Caesari
785 1879 974 1936 lapidem
1004 1880 1304 1937 porphyritem
1332 1897 1386 1923 ex
1407 1881 1609 1938 Aegypto
1637 1881 1833 1938 advexit)
1854 1881 1971 1926 Plin.
1992 1882 2032 1925 h.
2053 1896 2096 1926 n.

372 1951 437 1998 36,
458 1951 525 1990 57.
575 1948 644 1989 Ab
667 1948 733 1989 his
764 1947 962 1990 Vitrasiis
983 1948 1250 1992 Pollionibus
1270 1949 1433 1992 ordinis
1452 1950 1652 2004 equestris
1670 1950 1865 1995 videntur
1894 1951 2097 2006 oriqincm

374 2017 540 2059 duoeisse
576 2017 620 2059 T.
651 2016 911 2070 Pomponius
937 2016 1145 2059 Proculus
1176 2018 1388 2060 Vitrasius
1417 2018 1559 2061 Pollio
1589 2019 1734 2061 consul
1761 2020 1913 2062 iterwm
1926 2044 1936 2067 3
1944 2034 1985 2062 a.
2015 2022 2096 2062 176

373 2086 540 2139 eiusque
569 2085 685 2140 silius
712 2086 758 2127 T.
783 2085 1042 2128 Fundanius
1072 2086 1285 2130 Vitrasius
1312 2087 1467 2132 Pollio.

299 2179 357 2184 .-
401 2160 442 2197 Τ.
474 2160 761 2196 FVNDANIVS
793 2161 1056 2196 VITRASIVS
1087 2161 1283 2199 POLLIO.

300 2248 356 2253 —
399 2229 442 2265 T.
473 2228 756 2264 POMPONIVS
787 2229 1046 2266 PROOVLVS
1077 2230 1343 2267 VITRASIVS
1373 2231 1568 2267 POLLIO.
1867 2270 1869 2273 ,
1969 2269 1972 2272 .
2026 2258 2033 2274 ι,
2057 2271 2059 2273 ,

287 2293 368 2334 525
399 2297 634 2333 VITRASIA
664 2297 914 2333 FAVSTINA
944 2292 1172 2335 interfecta
1192 2308 1218 2334 a
1239 2292 1473 2336 Commodo
1501 2295 1634 2347 (circa
1653 2308 1691 2336 a.
1715 2294 1814 2347 183)
1840 2294 1912 2336 vit.
1936 2293 2092 2337 Gomm.

370 2364 408 2410 4,
439 2364 505 2402 10.
560 2359 726 2401 Filiam
756 2360 888 2413 fuisse
924 2360 968 2404 T.
999 2360 1229 2415 Pomponii
1256 2361 1434 2405 Proculi
1467 2361 1647 2404 Vitrasii
1674 2361 1882 2404 Faustini
1911 2362 2094 2409 consulis

370 2429 521 2470 iterum
543 2443 582 2470 a.
604 2431 684 2471 176
710 2432 748 2470 et
766 2428 939 2471 Anniae
960 2429 1200 2472 Faustinae
1230 2430 1329 2485 eius,
1361 2431 1535 2473 nomina
1562 2430 1768 2473 indicant.
1810 2430 1932 2474 Haec
1959 2431 2093 2486 iyitwr

372 2496 592 2551 [Vitras]ia
623 2497 683 2540 T.-
704 2497 733 2539 f.
765 2497 1031 2553 Faus[tina],
1065 2498 1287 2553 [P]oli0nis
1318 2498 1518 2553 consulis,
1550 2499 1766 2554 pontificis
1803 2498 1948 2555 [filia],
1981 2507 2093 2557 quae

371 2580 504 2621 prope
535 2565 660 2608 Cales
690 2566 821 2608 Matri
851 2580 1034 2621 magnae
1065 2568 1216 2609 aedem
1246 2567 1348 2609 fecit
1378 2567 1428 2610 X
1453 2570 1576 2610 4635.

288 2635 369 2676 526
400 2634 628 2676 Vitruvius
659 2634 796 2676 Pollio
830 2635 1078 2688 (Vitruvius
1111 2635 1231 2678 Polio
1272 2637 1446 2691 epitome
1477 2651 1503 2678 a
1535 2636 1601 2679 M.
1635 2634 1750 2679 Cetio
1778 2635 2016 2679 Faventino
2044 2639 2093 2679 ut

369 2702 533 2744 videtur
561 2702 701 2756 facta,
743 2704 832 2756 ipso
872 2704 1009 2754 initio,
1042 2704 1271 2746 Vitruvius
1303 2705 1463 2747 codices
1495 2704 1632 2758 operis
1657 2704 1814 2758 ipsius,
1846 2704 1946 2746 item
1973 2703 2090 2748 Plin.

369 2769 568 2811 Frontin.
600 2770 717 2812 Serv.
750 2770 984 2826 Sidonius),
1022 2771 1292 2827 architectus,
1327 2771 1503 2814 Caesari
1534 2771 1735 2813 dictatori
1766 2778 1894 2814 notus
1910 2772 2012 2826 >ipse
2041 2771 2091 2815 cle

374 2838 489 2880 arch.
515 2841 540 2879 1
567 2852 633 2891 pr.
655 2841 680 2879 1
702 2853 750 2892 Ρ.
771 2842 796 2880 1
825 2838 884 2882 ecl.
907 2839 1019 2881 Rose
1050 2840 1435 2896 (oppugnationem
1466 2839 1630 2882 castelli
1660 2838 1842 2886 alicuius
1874 2839 2025 2896 Alpini
2064 2855 2091 2883 a

372 2905 556 2947 Caesare
601 2906 759 2948 factam
803 2915 1013 2950 memorat
1055 2912 1098 2959 2,
1131 2912 1168 2959 9,
1201 2911 1254 2952 15
1281 2923 1330 2963 Ρ.
1353 2911 1420 2960 59,
1467 2908 1831 2965 oppugnationem
1870 2908 2096 2956 Massiliae-

371 2978 435 3025 10,
466 2978 540 3025 22,
572 2978 626 3016 10
647 2989 695 3028 Ρ.
723 2978 828 3026 283,
870 2977 1053 3029 fortasse
1092 2978 1207 3019 testis
1247 2977 1447 3020 oculatus.
1516 2976 1750 3019 Numidam
1789 2975 1975 3032 aliquem
2014 2977 2089 3033 qui

371 3057 469 3084 cum
499 3042 683 3086 Caesare
714 3045 921 3087 dictatore
952 3046 1225 3102 militaverat,
1263 3047 1447 3103 hospitio
1478 3046 1596 3102 apud
1627 3060 1671 3087 se
1699 3046 1862 3102 recepit
1890 3048 1942 3096 8,,
1960 3049 2000 3096 4,
2030 3047 2091 3088 25

369 3125 416 3164 Ρ.
435 3113 551 3165 203).
598 3113 755 3155 Postea
776 3113 974 3168 Augusto
1006 3115 1214 3166 adhaesit,
1246 3117 1316 3158 cui
1346 3122 1516 3172 praesto
1548 3114 1630 3157 fuit
1663 3114 1734 3156 ‘ad
1764 3114 2088 3170 apparationem

372 3179 640 3223 ballistarum
682 3189 724 3224 et
763 3184 1037 3238 scorpionum
1068 3184 1419 3241 reliquorumque
1455 3189 1764 3226 tormentorum
1794 3182 2084 3226 refectionem²

372 3254 412 3288 ct
451 3263 475 3288 a
506 3264 590 3304 quo
633 3251 856 3292 commoda
897 3254 1064 3308 accepit
1104 3253 1169 3306 (ut
1208 3255 1295 3295 iam
1332 3252 1404 3295 ‘ad
1446 3253 1611 3295 exitum
1639 3252 1754 3294 vitae
1792 3265 1880 3293 non
1906 3250 2088 3293 haberet

372 3316 540 3370 inopiae
589 3318 840 3373 timorem'),
893 3320 1069 3375 insuper
1119 3322 1156 3362 ei
1207 3336 1233 3362 a
1287 3335 1432 3364 sorore
1485 3320 1708 3375 (Octavia)
1726 3362 1737 3378 A,
1764 3318 2086 3364 commendatus
