2242 3672
308 292 577 330 TIRIDATES
1169 277 1254 320 324
1843 276 2115 318 TIRIDATES

310 345 1938 364 W

390 439 439 479 p.
461 422 566 476 135).
623 418 780 462 Pulsus
811 432 837 458 a
863 415 1049 458 Phraate
1080 416 1123 456 in
1157 410 1330 470 Syriam
1359 413 1576 468 confugit3
1607 411 1769 456 Caesar
1799 408 1848 456 ut
1874 419 2119 457 moraretur

394 494 436 533 in
460 491 587 546 Syria
613 489 649 528 ei
671 486 866 543 permisit
885 483 974 526 Dio
994 483 1022 526 l.
1045 497 1080 525 e.
1102 482 1194 538 (sub
1217 496 1256 527 a.
1279 480 1393 537 724).
1434 482 1505 524 Ex
1527 481 1656 538 Syria
1676 487 1724 524 ut
1743 482 1929 536 videtur,
1954 481 2120 525 scilicet

395 560 479 600 iam
506 571 637 611 regno
660 553 810 610 pulsus
837 551 1014 610 (φυγάς),
1043 549 1332 592 incursionem
1352 550 1456 593 fecit
1474 550 1520 591 in
1540 548 1721 605 regnum
1743 550 1956 605 Phraatis,
1988 564 2119 608 quam

395 630 601 668 memorat
620 623 814 666 Isidorus
836 620 1112 663 Characenusv
1137 621 1308 676 σταθμοί
1329 619 1526 676 Παρθικοί
1553 633 1586 662 e.
1609 622 1635 661 1
1665 618 1752 674 (ap.
1774 619 1939 662 Muller
1964 618 2118 675 Geoyr.

395 694 547 737 Grave.
578 692 679 733 min.
710 691 743 732 Ι
757 704 805 744 10.
827 691 916 733 248
946 688 1001 742 ef.
1025 687 1139 742 prol.
1167 702 1210 741 p.
1232 686 1499 742 LXXXII).
1558 687 1764 730 Fortasse
1794 691 1892 730 tune
1922 682 2120 743 temporis
2196 688 2242 753 ἢ

393 764 545 804 iterum
582 761 630 802 in
665 773 839 814 reynum
877 757 1088 799 admissus
1127 760 1208 807 est,
1246 757 1286 799 si
1318 770 1412 799 vere
1453 756 1518 812 (id
1545 756 1658 811 quod
1685 757 1835 811 posuit
1870 754 2122 799 Gutsehmid
2152 751 2242 814 J}

392 829 635 873 Gesehiehte
665 828 797 870 Irans
822 841 873 880 p..
887 829 968 868 103
995 829 1081 869 not.
1105 827 1152 880 2)
1184 826 1273 868 eius
1312 828 1374 868 est
1410 838 1604 868 nummus
1640 838 1763 867 eusus
1792 837 1930 867 mense
1958 823 2120 867 Daesio
2219 832 2242 887 ξ

395 898 499 940 anni
527 896 606 939 Sel.
628 898 715 939 285
737 896 793 950 (u.
818 908 850 936 c.
876 893 975 947 727)
997 908 1066 948 ap.
1089 893 1225 948 Perey
1243 892 1446 936 Gardner
1466 892 1492 936 l.
1515 907 1548 935 e.
1565 908 1614 948 p.
1635 896 1712 945 44,·
1740 893 1815 936 sed
1842 893 1897 947 cf.
1920 892 2120 936 Momms.

394 980 501 1009 mon.
522 965 679 1019 Aneyr.
704 978 752 1018 p.
775 966 858 1005 136
887 965 972 1004 not.
993 965 1030 1005 1.
1076 961 1175 1017 (Bis
1204 961 1422 1016 expulsum
1448 961 1536 1004 'esse
1562 961 1796 1004 Tiridatem
1815 962 1905 1004 iam
1930 960 2122 1004 Vaillcmt

397 1034 596 1076 Arsaeid.
629 1033 727 1086 imp.
752 1033 1005 1086 1).170”3ες].
1036 1030 1279 1085 statuerat.)
1340 1030 1537 1087 Supplex
1566 1030 1762 1085 confugit
1787 1029 1843 1072 ad
1872 1029 2121 1085 Augustum

394 1117 502 1146 mon.
524 1102 682 1155 Aneyr.
702 1103 741 1151 5,
763 1103 830 1150 54,
863 1100 907 1140 in
937 1100 1153 1155 Hispania
1182 1098 1346 1142 bellum
1376 1105 1609 1154 gerentem,
1642 1099 1670 1141 i.
1699 1113 1735 1142 e.
1761 1114 1799 1141 a.
1822 1098 1905 1142 728
1936 1097 2007 1141 vel
2037 1098 2121 1142 729

395 1171 550 1212 lustin.
570 1173 640 1221 42,
661 1172 700 1219 5,
723 1172 760 1219 6,
794 1183 891 1210 cum
922 1182 1082 1223 magna
1111 1169 1350 1210 amicorum
1381 1183 1515 1210 manu
1537 1169 1592 1211 ib.
1625 1167 1689 1221 (in
1714 1167 1781 1209 his
1802 1164 2121 1210 Ariobarzanes

395 1239 550 1280 Medus
581 1237 668 1280 Dio
698 1240 763 1287 55,
794 1240 886 1288 10³5
916 1237 990 1279 sed
1019 1237 1073 1290 ef.
1097 1237 1294 1281 Momms.
1316 1251 1426 1282 mon.
1447 1237 1608 1291 Aneyr.
1635 1236 1696 1280 ed.
1717 1239 1750 1279 2
1771 1251 1818 1291 p.
1841 1235 1952 1291 114),
1982 1234 2120 1278 filium

396 1307 595 1348 Phraatis
620 1307 846 1348 minimum
869 1320 1014 1347 secum
1041 1304 1185 1347 ferens
1206 1305 1361 1349 Iustin.
1388 1305 1413 1347 l.
1432 1319 1479 1356 e.,
1511 1304 1601 1347 Dio
1624 1307 1691 1355 51,
1712 1306 1779 1347 18.
1799 1307 1868 1355 53,
1883 1303 1939 1346 33
1958 1303 2050 1359 (qui
2074 1301 2124 1346 id
2204 1314 2242 1364 ,ᾖς

394 1378 651 1417 narraverat
669 1375 745 1416 sub
763 1389 802 1417 a.
817 1377 913 1424 724,
932 1374 987 1427 ef.
1002 1376 1166 1430 supra),
1184 1388 1312 1430 quem
1329 1373 1626 1428 neglegentius
1644 1371 1905 1415 custoditum
1919 1377 2125 1428 rapuerat

398 1444 551 1486 Iustin.
575 1443 601 1488 l.
624 1457 655 1486 e.
690 1442 870 1496 (factum
898 1442 947 1484 id
975 1456 1061 1484 esse
1092 1442 1329 1484 incursione
1355 1456 1418 1493 ea,
1450 1456 1576 1496 quam
1594 1444 1800 1484 memorat
1818 1440 2014 1484 Isidorus
2033 1439 2123 1483 loeo

398 1526 530 1566 supra
560 1512 701 1562 citato,
734 1511 911 1553 coniecit
931 1510 1130 1553 Momms.
1152 1524 1263 1553 mon.
1284 1510 1444 1565 Aneyr.
1476 1510 1538 1553 ed.
1560 1514 1592 1554 2
1613 1525 1661 1565 p.
1683 1513 1768 1553 137
1774 1523 1788 1562 ,·
1819 1509 1990 1564 de'ipso
2016 1507 2122 1564 filio,

397 1594 515 1633 quem
544 1593 680 1622 seeum
712 1579 811 1622 tulit
839 1579 1065 1629 Tiridates,
1097 1579 1151 1632 ef.
1176 1579 1375 1621 Momms.
1408 1579 1435 1622 l.
1467 1593 1500 1623 e.
1523 1582 1564 1621 et
1591 1592 1723 1633 supra
1744 1578 1788 1620 P
1805 1576 1920 1632 297).
1962 1576 2016 1620 A.
2039 1575 2121 1620 731

399 1649 607 1691 Phraates
638 1640 878 1691 Tiridatem
909 1647 1008 1690 dedi
1040 1648 1121 1691 sibi
1152 1663 1229 1704 per
1259 1647 1422 1703 legatos
1464 1646 1722 1704 postulavit,
1754 1662 1852 1689 cum
1890 1647 1983 1703 ipse
2013 1645 2124 1689 Tiri·

399 1717 518 1760 dates
550 1719 593 1759 in
624 1732 806 1772 regnum
838 1717 1005 1759 restitui
1038 1716 1307 1759 desideraret
1331 1716 1486 1759 lustin.
1517 1715 1656 1767 425,
1692 1719 1729 1760 7.
1759 1718 1812 1768 8,·
1840 1714 1931 1758 Dio
1957 1717 2027 1766 53,
2055 1716 2122 1758 33.
2184 1707 2239 1775 {⁷

401 1787 643 1842 Utrumque
686 1786 866 1840 negavit
910 1785 1158 1840 Augustus,
1211 1785 1287 1827 sed
1331 1785 1538 1839 Tiridati,
1587 1784 1730 1841 quoad
1779 1797 1954 1826 manere
2006 1781 2125 1840 apud

402 1855 615 1896 Romanos
646 1854 788 1909 vellet,
822 1860 1039 1910 sumptum
1073 1853 1270 1910 praeberi
1300 1854 1426 1896 iussit
1446 1854 1600 1898 Iustin.
1634 1853 1661 1896 l.
1693 1867 1727 1895 e.
1758 1853 1814 1907 ef.
1840 1851 1929 1896 Dio
1960 1851 1988 1895 l.
2011 1865 2046 1894 c.
2066 1875 2125 1881 -

404 1922 503 1964 Non
533 1924 586 1965 ab
617 1923 715 1974 hoe,
753 1923 827 1965 sed
861 1923 914 1965 ab
947 1922 1033 1965 alio
1063 1922 1245 1976 quodam
1271 1922 1408 1965 nobili
1435 1922 1600 1964 Partho
1631 1922 1812 1964 eiusdem
1839 1919 2024 1964 nominis
2051 1918 2128 1974 qui
2187 1912 2241 1969 {l

401 1992 496 2033 item
544 1991 602 2033 ad
643 1992 860 2034 Romanos
906 1992 1022 2033 eirea
1062 1991 1166 2033 haee
1208 1991 1306 2045 ipsa
1349 1994 1539 2045 tempora
1583 1990 1838 2045 transfuyit,
1886 1990 2127 2045 proquam

403 2059 450 2101 C.
484 2059 565 2104 Iul.
597 2060 899 2115 Th[i]rida[t]is
928 2059 971 2114 f.,
1004 2059 1218 2113 dec(urio)
1250 2058 1381 2114 ala(e)
1413 2059 1711 2113 Partho(rum)
1740 2058 1830 2101 ΙΙΙ
1852 2058 1900 2103 S.
1923 2058 2051 2100 8746.

323 2127 403 2169 176
433 2127 662 2182 Tiridates,
693 2144 746 2170 ex
779 2129 899 2182 regia
928 2128 1189 2170 Parthorum
1221 2128 1356 2183 stirpe
1377 2126 1464 2169 Dio
1484 2129 1552 2178 58,
1573 2130 1632 2170 26
1653 2126 1767 2182 (inde
1783 2125 1940 2169 Petrus
1961 2124 2125 2168 Patrio.
2182 2117 2236 2179 ἷζζ

403 2197 459 2249 fr.
487 2200 530 2247 2,
561 2211 629 2250 ap.
664 2197 827 2239 Midler
856 2197 911 2250 fr.
943 2196 1040 2240 hist.
1070 2195 1148 2238 Gr.
1172 2196 1206 2238 I
1210 2196 1253 2238 V
1258 2211 1306 2251 p.
1329 2195 1429 2249 184)
1461 2196 1515 2249 ef.
1553 2196 1651 2239 Tae.
1684 2210 1725 2238 a.
1756 2198 1795 2246 6,
1826 2197 1893 2246 37,
1925 2193 2126 2236 Phraatis
2185 2195 2226 2254 ςῇ·

405 2266 519 2319 regis
550 2280 684 2321 nepos
720 2265 818 2307 Tae.
848 2279 888 2308 a.
919 2267 957 2315 6,
988 2267 1047 2306 37
1083 2264 1259 2319 (seilicet
1295 2277 1406 2307 unus
1445 2278 1496 2306 ex
1533 2264 1753 2318 nepotibus
1782 2276 1884 2317 quos
1914 2276 2005 2306 una
2033 2273 2128 2305 oum

404 2333 507 2388 filiis
549 2333 762 2376 Phraates
811 2333 994 2375 Romam
1019 2331 1242 2387 ‘miserat),
1289 2333 1452 2375 Romae
1494 2332 1701 2374 educatus
1739 2331 1888 2386 (‘altor
1924 2328 2127 2384 Caesar')

411 2402 508 2444 Tac.
542 2402 567 2444 l.
595 2416 628 2444 e.
688 2402 741 2444 A.
774 2403 829 2444 35
871 2417 897 2443 a
936 2401 1112 2444 Tiberio
1143 2407 1242 2458 post
1271 2408 1453 2444 mortem
1483 2400 1684 2443 Phraatis
1723 2399 1904 2442 iunioris
1934 2397 1999 2454 (P
2022 2399 2127 2455 297)

408 2470 579 2512 Parthis
620 2485 698 2512 rex
737 2470 861 2512 datus
908 2470 1007 2512 Tae.
1050 2484 1089 2511 a.
1129 2472 1167 2520 6,
1208 2473 1279 2521 32,
1325 2469 1413 2512 Dio
1452 2469 1478 2511 l.
1518 2483 1565 2520 e„
1607 2484 1634 2511 a
1671 2467 1847 2511 Vitellio
1893 2466 1947 2510 ad
1989 2467 2128 2524 ripam
2188 2461 2233 2527 {j

408 2538 640 2594 Euphratis
685 2538 919 2593 perductus
965 2538 1063 2581 Tae,
1106 2551 1140 2579 e.
1181 2540 1248 2582 37.
1319 2536 1466 2580 Rebus
1506 2537 1692 2593 primum
1736 2549 1940 2592 prospere
1981 2533 2128 2590 gestis,

409 2605 553 2660 paullo
594 2612 691 2661 post
728 2606 781 2647 ab
811 2606 1035 2648 Artabano
1073 2605 1223 2662 pulsus
1255 2606 1300 2647 in
1332 2605 1503 2662 Syriam
1534 2604 1745 2647 remeavit
1779 2604 1878 2647 Tac.
1909 2606 1944 2646 e.
1973 2604 2128 2653 41-44,

410 2673 499 2716 Dio
530 2673 556 2715 l.
588 2687 621 2715 e.
654 2672 824 2724 (Petrus
852 2673 976 2715 Patr.
996 2673 1036 2716 l.
1068 2673 1133 2728 6.).

328 2741 407 2783 177
438 2741 674 2796 Tiridates,
717 2741 947 2783 Armeniae
987 2758 1088 2797 rex,
1130 2742 1343 2785 Arsacida
1381 2741 1470 2784 Dio
1499 2745 1564 2793 63,
1604 2744 1642 2786 5.
1701 2686 1974 2796 Vologaesis‚
2015 2738 2138 2794 regis

412 2808 685 2862 Parthorum,
709 2815 751 2850 et
770 2810 925 2851 Pacori
951 2810 1086 2852 frater
1101 2810 1267 2865 Ioseph.
1284 2813 1371 2854 ant.
1391 2814 1463 2860 20,
1484 2813 1524 2861 3,
1544 2813 1583 2861 4,
1613 2810 1710 2852 Tac.
1727 2824 1766 2854 a.
1787 2812 1858 2859 12,
1877 2811 1946 2852 50.
1976 2810 2043 2859 13,
2062 2809 2130 2850 34.

413 2879 477 2927 15,
499 2879 541 2920 2.
562 2880 626 2919 14.
648 2881 714 2927 31,
746 2877 832 2919 Dio
855 2881 918 2928 63,
940 2882 967 2921 5
988 2878 1198 2930 (Vononis
1217 2879 1352 2934 iqitur
1371 2878 1501 2933 filius,
1534 2878 1635 2921 Tae.
1658 2892 1698 2920 a.
1720 2881 1789 2928 12,
1811 2876 1896 2932 14).
1941 2875 1982 2919 Α
2001 2873 2131 2919 Volo-
2172 2866 2227 2936 7

412 2959 540 3000 gaese
571 2946 614 2986 in
652 2959 834 2999 regnum
864 2945 1097 2988 Armeniae
1137 2946 1369 3002 deductus,
1413 2947 1492 2989 sub
1531 2947 1661 2988 finem
1700 2945 1869 3002 imperii
1901 2941 2133 2988 Claudiani
2163 2934 2224 3000 {⁴-

419 3014 515 3056 Tae.
537 3027 576 3055 a.
598 3016 666 3063 12,
687 3016 754 3063 50,
780 3014 944 3067 Ioseph.
971 3017 1057 3056 ant.
1081 3014 1107 3056 l.
1131 3029 1178 3069 e.,
1211 3015 1382 3071 saepius
1412 3029 1544 3070 regno
1576 3014 1726 3070 pulsus
1757 3020 1800 3056 et
1828 3026 1980 3055 rursus
2009 3011 2133 3055 resti-
2179 3012 2216 3058 ,7-7

415 3086 533 3123 tutus
561 3081 658 3123 Tae.
682 3095 721 3122 a.
743 3084 812 3131 12,
837 3084 903 3125 50.
923 3085 990 3126 51.
1020 3086 1085 3132 13,
1108 3086 1146 3127 6.
1170 3087 1206 3127 7.
1255 3082 1426 3124 Bellum
1456 3081 1639 3124 feliciter
1659 3097 1685 3124 a
1705 3080 2135 3124 Corbulone'eontra

416 3163 513 3191 eum
545 3164 673 3205 super
702 3148 909 3190 Armenia
939 3157 1108 3203 gestum
1140 3151 1196 3202 (a.
1229 3152 1282 3193 58
1315 3157 1358 3193 et
1387 3151 1543 3207 inseq.)
1580 3151 1678 3193 Tac.
1717 3164 1758 3194 a.
1788 3152 1854 3200 13,
1878 3151 1944 3191 34.
1973 3149 2133 3191 37-41.
2154 3196 2157 3206 ἶ

415 3220 479 3268 14,
502 3220 571 3267 26,
601 3216 689 3259 Dio
720 3220 788 3266 62,
820 3220 872 3258 19
905 3218 958 3270 ef.
989 3217 1106 3260 Ptin.
1139 3219 1179 3261 h.
1209 3233 1250 3263 n.
1283 3222 1321 3269 7,
1343 3222 1442 3270 129,
1473 3218 1641 3273 Ampel.
1671 3221 1738 3269 39,
1760 3221 1800 3260 4.
1859 3216 2006 3271 Regno
2035 3228 2133 3272 pro-

418 3285 542 3339 fugus
583 3284 702 3338 degit
741 3283 857 3340 apud
887 3284 1192 3339 Vologaesem,
1234 3302 1261 3329 a
1300 3301 1385 3342 quo
1427 3301 1571 3328 coram
1609 3285 1861 3343 proceribus
1892 3282 2135 3326 diademate

419 3358 597 3394 ornatur
630 3352 728 3394 Tae.
761 3366 800 3394 α.
830 3354 892 3401 15,
926 3355 963 3394 1.
995 3355 1036 3395 2-
1096 3354 1200 3395 Post
1240 3354 1467 3396 victoriam
1507 3353 1768 3396 Parthorum
1808 3353 1862 3395 de
1893 3350 2134 3395 Caesennio
2198 3363 2220 3410 5²3
