2242 3672
193 311 455 347 SEPTIMIVS
1052 303 1134 344 206
1722 308 1995 345 SEPTIMIVS

277 442 350 498 qui
384 448 534 483 extant
562 442 749 497 primum
780 455 816 481 a.
849 440 931 482 207
964 439 1055 483 adv.
1089 438 1232 482 Marc.
1265 443 1304 490 1,
1325 442 1390 489 15,
1422 438 1582 482 librum
1613 439 1667 481 de
1697 439 1825 496 pallio
1856 439 1995 483 tribus

278 511 487 565 Augustis
508 508 829 565 imperantibus,
854 508 879 550 i.
899 523 935 550 e.
957 523 993 549 a.
1012 508 1233 552 208—211
1256 507 1305 550 de
1316 507 1457 562 pallio
1471 511 1513 558 2,
1536 508 1745 550 adversus
1767 507 1996 565 Scapulam

276 585 372 634 post
396 583 576 620 mortem
608 577 757 619 Severi
789 576 847 618 ad
872 577 1000 631 Scap.
1023 591 1055 618 6.
1077 580 1104 618 4
1134 576 1344 632 (fortasse,
1376 579 1424 618 ut
1453 577 1628 619 coniecit
1649 577 1851 629 Schmidt,
1885 592 1996 621 anno

275 646 417 696 212l3‚
461 647 514 699 cf.
546 659 680 700 supra
713 646 789 687 sub
821 645 1009 700 Scapula
1049 645 1274 700 Tertullo);
1314 645 1469 688 librum
1504 645 1552 688 de
1581 645 1799 700 pudicitia
1834 649 1997 689 constat

274 716 475 769 seriptum
505 728 589 757 6336
611 718 838 769 postquam
870 714 1071 757 Callistus
1107 715 1225 757 urbis
1254 714 1419 757 Romae
1449 715 1664 769 episeopus
1692 715 1739 757 in
1770 714 1998 769 disciplina

275 783 557 826 ecclesiastiea
585 782 791 837 quaedam
816 784 1005 833 novavit,
1045 783 1073 825 i.
1106 797 1137 826 6.
1170 797 1254 826 non
1286 786 1382 825 ante
1413 797 1570 825 annum
1599 786 1697 833 217,
1730 782 1779 826 de
1799 783 1945 838 pudic.
1975 786 1997 826 1

276 850 345 904 (ef.
376 851 594 906 He'ppolyt.
627 851 744 893 haer.
776 852 854 905 ref.
886 855 926 902 9,
955 855 1014 895 12
1043 867 1092 906 p.
1122 854 1204 894 458
1234 851 1295 896 ed.
1327 851 1559 908 Dunelcer).
1623 852 1774 894 Etiam
1814 851 1997 895 aliorum

273 920 526 973 scriptorum
560 920 815 962 Tertulliani
844 924 1033 975 tempora
1063 920 1239 976 definire
1268 920 1516 963 studuerunt
1544 921 1689 971 multi,
1720 921 1767 963 in
1795 920 1862 963 his
1893 919 1995 965 Nol-

275 987 426 1030 declcen
441 988 507 1031 die
522 988 872 1043 Absassunqseeit
888 990 962 1031 der
978 989 1195 1043 Schriften
1217 989 1473 1031 Tertullians
1489 987 1575 1043 (ap.
1594 989 1816 1032 Gebhardt
1829 992 1869 1032 et
1882 989 1998 1032 Har-

272 1057 381 1098 naek
402 1057 526 1099 Teate
545 1072 586 1102 u.
609 1057 974 1113 Untersuchunqen
996 1058 1084 1113 V2,
1108 1057 1246 1113 1888).
1281 1059 1455 1100 ‘Fertur
1474 1059 1636 1100 vixisse
1657 1058 1709 1100 ad
1733 1058 1996 1114 decrepitam

273 1131 472 1167 aetatem'
497 1126 619 1168 Hier.
642 1126 691 1169 de
719 1128 798 1169 vir.
828 1127 891 1169 ill.
924 1127 948 1171 l.
982 1141 1014 1170 6.
1065 1126 1133 1169 De
1161 1127 1332 1181 scriptis
1358 1126 1613 1169 Tertulliani
1641 1129 1729 1169 tam
1759 1127 1998 1169 extantibus

273 1207 398 1247 quam
419 1194 645 1249 deperditis
666 1196 720 1249 cf.
747 1195 956 1238 Harnaclc
987 1187 1135 1238 Gesc‘li.
1158 1195 1231 1238 der
1252 1195 1400 1238 altchr.
1423 1196 1508 1238 Lit.
1533 1195 1567 1238 I
1581 1210 1628 1250 p.
1651 1198 1730 1238 667
1749 1209 1844 1249 seq„
1872 1194 1997 1249 „Ter-

275 1262 429 1305 tullian
457 1264 503 1305 in
531 1263 570 1306 d.
592 1264 696 1306 Litt.
723 1264 760 1306 d.
782 1264 855 1308 alt.
879 1264 1083 1314 Kirehe“,
1117 1267 1196 1307 aet.
1227 1264 1348 1308 acad.
1370 1264 1514 1308 Berol.
1537 1266 1646 1307 1895
1670 1279 1718 1319 p.
1739 1266 1820 1307 541
1838 1277 1920 1318 seq.
1940 1289 1995 1294 —

275 1331 530 1374 Tertulliani
561 1333 724 1388 scripta
751 1332 962 1376 lectitavit
989 1333 1235 1390 Cyprianus
1258 1333 1434 1377 Hieron.
1463 1333 1488 1375 l.
1512 1347 1545 1375 6.
1578 1333 1650 1388 (ef.
1681 1333 1892 1376 Harnaek
1916 1335 1996 1378 aet.

276 1400 396 1442 acad.
425 1401 451 1443 l.
483 1416 516 1444 c.
539 1417 588 1456 p.
610 1405 724 1458 562),
757 1404 861 1445 citat
890 1404 1056 1459 primus
1088 1403 1340 1445 Lactantius
1371 1403 1468 1445 inst.
1499 1405 1537 1453 5,
1562 1406 1599 1453 1,
1623 1405 1693 1446 23.
1724 1404 1762 1452 5,
1785 1405 1824 1452 4,
1847 1405 1888 1445 3.

188 1468 271 1510 325
303 1475 346 1512 L.
371 1475 632 1512 SEPTIMIVS
665 1477 798 1512 GETA
827 1491 881 1506 Ξ
903 1478 947 1515 L.
968 1471 1031 1514 vel
1060 1478 1101 1513 P.
1130 1478 1393 1513 SEPTIMIVS
1421 1477 1554 1513 GETA
1586 1477 1781 1513 CAESAR
1812 1490 1866 1505 =
1896 1477 1998 1513 IMP.

281 1544 420 1580 CAES.
452 1546 493 1581 P.
520 1545 782 1582 SEPTIMIVS
814 1546 946 1582 GETA
976 1546 1248 1583 AVGVSTVS.
1299 1541 1345 1583 L.
1379 1540 1574 1596 Septimii
1608 1540 1758 1583 Severi
1790 1546 1833 1582 et
1861 1538 1999 1582 Iuliae

276 1606 474 1649 Domnae
503 1608 617 1650 filius
648 1610 788 1650 minor
816 1609 889 1651 vit.
922 1609 1061 1652 Sever.
1093 1613 1158 1660 16,
1189 1613 1227 1651 4.
1259 1612 1328 1659 20,
1355 1613 1398 1659 2,
1429 1611 1498 1653 vit.
1533 1609 1626 1653 Get.
1649 1612 1688 1659 1,
1708 1611 1747 1652 5.
1778 1612 1817 1659 3,
1840 1611 1878 1659 1,
1910 1607 2000 1651 Dio

277 1678 342 1726 77,
363 1679 406 1726 2,
440 1683 565 1719 natus
588 1679 749 1720 Romae
768 1678 840 1720 vit.
864 1678 1003 1722 Sever.
1025 1682 1064 1728 4,
1087 1682 1119 1721 2
1139 1677 1390 1731 (Mediolani
1415 1678 1487 1722 vit.
1517 1677 1611 1721 Get.
1632 1681 1670 1728 3,
1692 1677 1749 1732 1),
1781 1692 1894 1720 anno
1918 1676 1999 1719 189

277 1744 457 1800 (quippe
497 1746 571 1802 qui
610 1746 771 1788 vixerit
810 1761 944 1788 annos
978 1747 1106 1789 XXII
1135 1761 1304 1788 menses
1335 1747 1507 1801 novem)
1538 1746 1627 1789 Dio
1657 1749 1720 1797 77,
1752 1750 1784 1804 2
1819 1746 1998 1802 (Zonar.

277 1816 346 1863 12,
378 1813 465 1867 12),
500 1813 677 1857 ‘Severo
719 1821 761 1857 et
791 1814 967 1857 Vitellio
999 1814 1263 1857 consulibus'
1296 1816 1368 1858 vit.
1398 1814 1490 1858 Get.
1517 1818 1555 1866 3,
1578 1819 1616 1866 1,
1649 1815 1690 1858 d.
1721 1815 1775 1857 27
1808 1815 1910 1857 Mai.
1942 1814 1998 1857 ib.

275 1879 387 1923 Geta
416 1881 556 1924 dietus
586 1882 656 1924 vel
686 1883 740 1925 ab
771 1898 852 1925 avo
883 1890 1062 1940 paterno
1092 1885 1166 1927 vit.
1196 1883 1290 1927 Get.
1311 1887 1355 1935 2,
1377 1887 1415 1934 1,
1448 1883 1591 1926 Victor
1612 1883 1728 1928 Caes.
1750 1887 1820 1934 20,
1841 1886 1901 1926 32
1928 1881 1999 1925 vel

274 1965 300 1991 a
328 1956 481 2006 patruo
511 1951 582 1993 vit.
617 1951 642 1994 l.
675 1966 708 1994 c.
739 1977 793 1982 -
826 1953 948 1997 Geta
986 1953 1235 2007 scriptore&
1273 1953 1324 1997 L.
1357 1952 1591 2009 Septimius
1622 1952 1736 1996 Geta
1764 1953 1927 1994 nummi
1952 1952 2000 1995 in

272 2019 376 2061 urbe
406 2020 497 2061 cusi
530 2034 614 2062 non
647 2021 790 2071 multi,
833 2022 1092 2075 antiquiores
1133 2034 1270 2064 omnes
1310 2035 1420 2063 anno
1449 2024 1535 2065 205
1575 2020 1731 2077 (Cohen
1761 2021 1822 2064 ed.
1852 2024 1885 2065 2
1913 2023 1943 2063 t.
1972 2024 2000 2063 4

270 2102 317 2141 p.
339 2090 424 2130 258
453 2102 495 2130 n.
516 2093 674 2139 43-49,
698 2104 745 2144 p.
765 2093 851 2133 273
868 2104 910 2132 n.
932 2093 1028 2132 187.
1049 2093 1143 2133 188.
1167 2090 1401 2145 192-194),
1425 2094 1653 2145 praeterea
1673 2091 1724 2132 L.
1738 2103 2001 2145 praenomen

275 2157 464 2210 aqnitum
484 2161 544 2200 est
563 2159 608 2200 in
630 2158 766 2200 titulis
781 2159 870 2201 III
881 2161 981 2203 218.
1010 2159 1100 2201 III
1113 2159 1158 2202 S.
1177 2163 1324 2202 10616.
1353 2159 1421 2202 VI
1432 2163 1535 2203 227.
1563 2159 1686 2201 VIII
1700 2161 1829 2202 9828.
1850 2160 1996 2201 10337.

273 2228 412 2268 10362
431 2240 542 2268 anno
563 2229 647 2269 205
665 2227 807 2281 utique
829 2227 1153 2281 antiquioribus.
1175 2227 1331 2269 dicitur
1353 2227 1503 2269 lectum
1523 2240 1609 2269 6336
1627 2226 1743 2270 arch.
1767 2240 1829 2280 ep.
1847 2225 1996 2267 Mitth.

275 2296 341 2343 10,
373 2296 481 2336 1896
501 2309 550 2348 p.
584 2298 681 2345 243,
714 2296 812 2338 item
839 2297 896 2338 ib.
925 2299 964 2346 8,
997 2298 1105 2338 1884
1126 2310 1173 2350 p.
1200 2298 1271 2339 29.
1302 2298 1369 2346 30,
1411 2296 1485 2338 sed
1517 2296 1589 2337 vix
1614 2297 1722 2337 recte
1753 2295 1806 2348 ef.
1838 2293 1928 2336 III
1950 2293 1997 2337 S.

276 2364 395 2404 7603.
422 2365 552 2414 7604;
583 2363 631 2405 Ρ.
656 2363 890 2420 Septimius
917 2365 1030 2408 Geta
1049 2364 1210 2406 nummi
1220 2364 1427 2418 plerique,
1450 2365 1548 2406 item
1560 2364 1735 2418 papyri,
1763 2363 1863 2405 item
1883 2361 2000 2404 tituli

271 2444 356 2472 non
377 2431 523 2484 pauci,
555 2432 601 2473 in
620 2432 686 2474 his
705 2432 754 2475 X
771 2435 890 2476 1585.
921 2432 1048 2475 XIV
1059 2435 1184 2484 1982,
1213 2431 1363 2475 CIAtt.
1387 2433 1476 2476 III
1497 2436 1588 2483 633,
1620 2431 1737 2474 Bull.
1759 2432 1856 2476 inst.
1879 2429 1995 2475 arch.

273 2501 380 2540 1884
401 2514 449 2553 p.
477 2503 529 2541 11
560 2500 689 2546 nulla,
715 2515 874 2544 rasura
913 2502 1117 2556 temptati.
1176 2501 1482 2561 (Praenomina
1520 2501 1570 2543 L.
1603 2502 1651 2543 P.
1683 2501 1906 2543 coniuncta
1935 2499 1998 2542 di-

274 2570 424 2609 cuntur
460 2582 544 2610 6336
583 2569 646 2611 vel
685 2570 816 2623 fuisse
845 2571 890 2612 in
921 2574 946 2612 t.
977 2570 1140 2612 Dacico
1171 2571 1260 2613 III
1282 2574 1400 2621 1174,
1432 2570 1506 2612 sed
1531 2570 1603 2612 via)
1630 2572 1751 2620 reete,
1781 2571 1831 2611 ut
1861 2569 1995 2611 obser-

271 2636 386 2677 vavit
412 2636 545 2678 editor
575 2636 599 2681 l.
632 2651 679 2688 c.,
721 2639 818 2680 item
856 2640 900 2680 in
928 2640 1109 2681 nummis
1138 2639 1389 2693 quibusdam
1419 2638 1737 2681 Neocaesareae
1765 2637 1897 2680 Ponti
1925 2651 1994 2692 ap.

273 2703 434 2746 Eckh-el
461 2708 500 2754 7,
531 2708 627 2755 235,
663 2706 737 2748 sed
765 2707 810 2748 in
839 2707 972 2749 simili
999 2722 1167 2750 nummo
1203 2722 1269 2761 ap.
1300 2708 1498 2750 Mionnet
1526 2707 1588 2749 II
1611 2721 1657 2761 p.
1688 2709 1770 2749 353
1796 2720 1838 2748 n.
1870 2708 1993 2756 1126,

272 2785 357 2814 non
386 2772 430 2816 A.
454 2772 503 2815 Π.
526 2774 643 2818 Σεπτ,
677 2774 826 2816 lectum
856 2779 925 2825 est,
957 2776 1032 2818 sed
1061 2778 1097 2820 ἀ.
1132 2776 1180 2819 Π.
1212 2777 1345 2827 Eam,
1376 2777 1422 2818 in
1454 2776 1539 2818 alio
1569 2774 1701 2817 simili
1727 2775 1783 2818 ib.
1815 2788 1858 2817 n.
1883 2776 1998 2817 1127

274 2839 322 2881 Π.
345 2840 392 2882 Λ.
414 2840 556 2895 Σεπτ.;
578 2842 624 2883 in
643 2856 810 2884 nummo
834 2842 1115 2897 Gytheatium,
1139 2858 1257 2898 quem
1279 2859 1329 2886 ex
1349 2844 1579 2886 Pellerinio
1599 2843 1703 2885 citat
1721 2841 1882 2885 Eckhel
1901 2841 1927 2886 l.
1946 2855 1994 2892 6.,

273 2908 439 2950 omnino
459 2922 544 2950 non
563 2909 648 2962 fuit
666 2910 760 2953 Λου.
784 2910 832 2954 Π.
856 2911 989 2962 Γέτας,
1015 2912 1089 2954 sed
1106 2913 1202 2955 Aoo.
1219 2913 1315 2955 Σεπ.
1339 2912 1474 2966 Γέτας,
1497 2915 1546 2954 ut
1566 2911 1764 2954 Mionnet
1777 2910 1840 2953 ΙΙ
1841 2924 1888 2964 p.
1905 2912 1997 2954 227

272 2990 312 3018 n.
327 2979 395 3018 86.
416 2979 482 3026 87,
510 2978 645 3031 suppl.
667 2978 701 3020 I
705 2977 746 3020 V
748 2993 796 3032 p.
814 2982 898 3022 233
916 2993 958 3021 n.
973 2983 1126 3031 71—75,
1147 2980 1260 3025 Brit.
1285 2981 1482 3024 Muscat.
1505 2980 1734 3034 Peloponn.
1748 2994 1796 3034 p.
1812 2978 1923 3034 134).
1939 3003 1995 3009 —

275 3043 463 3087 Severus
503 3045 615 3088 Geta
654 3048 682 3089 t.
713 3045 919 3099 Africani
958 3047 1080 3090 VIII
1110 3048 1156 3091 S.
1184 3051 1330 3092 14395.
1368 3051 1514 3091 14457.
1552 3050 1686 3090 14793
1721 3047 1783 3102 (in
1811 3046 1996 3101 papyris

273 3112 418 3158 Berol.
443 3126 484 3156 n.
506 3116 569 3155 45.
594 3116 658 3155 63.
679 3117 764 3157 216
785 3115 975 3167 primum
1006 3116 1153 3158 lectum
1185 3120 1245 3159 est
1274 3117 1447 3164 Πόπλιος
1467 3117 1676 3173 Σεπτίμιος
1696 3115 1820 3161 Γέτας
1840 3113 1994 3171 Καῖσαρ

274 3181 485 3237 Σεουῆρος,
517 3181 591 3223 sed
618 3182 809 3224 secundis
830 3184 942 3224 curis
973 3182 1127 3241 Καῖσαρ
1150 3185 1359 3242 Σεβαστός,
1393 3186 1447 3239 cf.
1478 3185 1578 3228 Urk.
1601 3197 1678 3226 aus
1700 3183 1739 3226 d.
1762 3184 1801 3225 k.
1826 3182 1942 3224 Mus.
1962 3182 1997 3224 I

273 3248 386 3292 Add.
411 3263 456 3303 p.
477 3252 570 3291 354.
601 3252 694 3292 355.
724 3249 833 3303 358).
859 3275 909 3279 —
941 3250 1008 3293 De
1037 3251 1248 3294 Antonini
1272 3253 1511 3307 eoqnomine
1540 3266 1576 3294 v.
1607 3252 1741 3305 infra.

358 3316 463 3358 Post
482 3317 733 3359 Parthicum
755 3317 929 3372 bellum,
957 3319 1165 3362 Bassiano
1187 3321 1318 3363 fratre
1339 3321 1549 3377 participe
1575 3321 1743 3376 imperii
1766 3316 1992 3375 appellato,

275 3385 367 3441 ipse
397 3384 594 3427 Caesaris
635 3399 790 3426 nomen
830 3387 995 3442 aceepit
1032 3387 1103 3429 vit.
1133 3387 1226 3430 Get.
1261 3391 1299 3438 5,
1335 3391 1385 3439 3;
1423 3389 1492 3430 vit.
1529 3388 1621 3431 Sev.
1661 3390 1723 3437 16,
1759 3390 1786 3429 4
1825 3385 1994 3441 (eodem

2214 2919 2242 3167 l³ki2=5namfflnm.
2234 2841 2242 2909 ..nexa
2239 2805 2242 2824 -.
2236 2783 2242 2790 ..
2216 2559 2242 2763 ....;.÷.'·ss.‹:2‹..=.-«„.‹-..-
2239 2539 2242 2544 .
2240 2525 2242 2527 ,
2234 2502 2242 2513 v.
2220 2449 2241 2467 .’
2240 2383 2242 2385 .
2238 2360 2242 2363 .
