2242 3672
179 234 385 272 SVLCIVS
1045 231 1126 274 281
1742 236 1996 275 SVLPICIVS

259 381 478 424 prospere,
502 381 739 424 numquam
768 367 882 411 bene
912 375 1030 411 usus‘
1056 374 1122 411 est
1151 368 1250 413 Tac.
1274 382 1314 413 a.
1334 371 1374 419 4,
1395 371 1461 423 31,
1487 369 1735 411 ‘continuus
1767 374 1810 411 et
1838 383 1995 426 saevus

260 436 517 479 accusandis
547 437 648 479 reis‘
672 437 728 479 ib.
756 440 822 488 11,
843 440 882 480 5.
934 436 1004 480 Ab
1031 452 1080 480 eo
1102 437 1157 491 Q.
1179 437 1445 494 Pomponius
1475 436 1531 480 ad
1562 437 1862 480 necessitatem
1892 437 1995 481 belli

260 504 402 547 civilis
433 505 635 548 detrusus
671 506 770 550 Tac.
802 521 842 551 a.
875 509 942 556 13,
973 509 1038 561 43,
1071 506 1183 549 Iulia
1214 506 1349 549 Drusi
1380 505 1491 558 filia,
1524 512 1566 549 et
1596 506 1801 563 Poppaea
1832 506 1997 550 Sabina

261 573 316 616 ad
347 580 529 617 mortem
554 581 677 617 actae
698 575 754 617 ib.
777 575 832 628 cf.
854 578 920 625 11,
942 578 982 617 1.
1004 578 1046 630 2,
1080 576 1366 618 circumventi
1389 574 1616 618 Cornelius
1637 575 1802 633 Lupus,
1834 576 1997 619 Lusius

263 642 527 685 Saturninus
557 643 617 685 ib.
646 645 716 693 13,
737 645 804 694 43,
834 642 1037 686 Valerius
1067 642 1327 687 Saturninus
1358 647 1423 695 11,
1446 647 1485 686 1.
1506 647 1550 688 2.
1582 647 1648 695 13,
1669 648 1738 695 43,
1771 651 1997 701 praeterea

260 712 429 768 equites
461 712 646 754 Romani
675 711 798 754 multi
832 726 964 768 opera
995 713 1086 755 eius
1118 712 1309 756 damnati
1339 716 1405 765 11,
1436 716 1476 756 4.
1509 716 1548 756 5.
1590 716 1656 764 13,
1687 716 1757 757 43.
1814 713 1996 757 Venalis

265 780 364 824 Tae.
387 794 427 823 a.
448 783 488 831 4,
509 783 578 823 31.
609 783 674 831 13,
695 783 754 823 42
784 781 839 834 cf.
861 784 926 831 11,
948 783 988 824 5.
1029 780 1081 823 Α.
1104 781 1159 824 47
1186 780 1421 823 altercatur
1441 782 1485 823 in
1508 788 1662 824 senatu
1682 796 1783 823 cum
1802 780 1851 824 C.
1874 781 1993 837 Silio,

259 850 333 906 qui
366 863 505 906 poena
527 863 600 892 eos
621 849 874 892 afficiendos
896 856 1136 904 censuerat,
1169 851 1242 907 qui
1266 850 1321 893 ob
1343 865 1517 892 causam
1538 850 1746 893 orandam
1768 851 1995 907 pecuniam

260 917 483 960 donumve
512 918 760 974 acciperent
785 919 883 962 Tae.
908 933 947 961 a.
972 922 1037 972 11,
1060 922 1098 962 6.
1150 918 1389 961 Proconsul
1410 918 1543 961 Asiae
1566 919 1663 962 Tae.
1687 922 1755 970 13,
1777 922 1832 962 43
1840 932 1854 970 ;
1883 918 2000 961 tituli

260 987 404 1030 Samii
433 1001 502 1042 ap.
528 987 843 1030 Stamatiadem
873 988 946 1042 (ef.
967 988 1119 1043 supra)
1149 1002 1190 1030 n.
1212 991 1278 1032 36.
1307 991 1360 1030 66
1390 987 1522 1042 (anno
1553 989 1722 1031 circiter
1750 990 1810 1031 52
1836 987 1901 1030 vel
1929 991 1994 1043 53,

256 1060 305 1099 ut
334 1060 467 1111 putat
506 1056 796 1111 Waddinyton
833 1057 967 1111 fustes
1004 1071 1046 1099 n.
1076 1059 1145 1107 83,
1184 1057 1258 1111 qui
1287 1059 1518 1111 praeterea
1546 1058 1710 1099 monuit
1738 1057 1784 1099 in
1812 1057 1996 1099 nummis

257 1125 685 1180 Hierapolitanorum
737 1125 955 1181 Phryyiae
1007 1126 1118 1168 cusis
1168 1124 1345 1169 Claudii
1394 1126 1590 1167 extremis
1642 1126 1767 1168 annis
1814 1126 1998 1180 reperiri

259 1194 326 1239 M.
349 1193 554 1238 Suillium
583 1194 855 1245 Antiochum,
888 1208 1009 1249 quem
1037 1208 1189 1237 nomen
1220 1194 1429 1248 accepisse
1460 1208 1487 1236 a
1516 1193 1608 1249 filio
1639 1194 1727 1236 eius
1749 1194 1814 1238 M.
1838 1194 1997 1237 Suillio

259 1263 489 1307 Nerullino
515 1264 606 1306 veri
633 1263 773 1306 simile
802 1265 890 1318 sit).
936 1264 1040 1306 Post
1061 1270 1241 1306 mortem
1264 1262 1437 1306 Claudii
1463 1270 1567 1306 ‘non
1588 1269 1799 1319 quantum
1830 1263 1994 1305 inimici

257 1339 489 1390 cuperent,
532 1331 776 1387 demissus’,
819 1333 1070 1388 instigante·
1097 1332 1263 1376 Seneca
1302 1347 1340 1374 a.
1377 1332 1455 1386 58,
1501 1346 1601 1374 cum
1646 1332 1731 1374 iam
1775 1338 1996 1374 extremae

259 1403 492 1444 senectutis
524 1407 658 1456 esset,
702 1402 840 1457 primo
871 1401 1213 1458 repetundarum
1245 1407 1287 1443 et
1316 1399 1565 1457 peculatus,
1607 1399 1787 1456 deinde,
1827 1401 1909 1443 hac
1950 1415 1997 1442 re

260 1472 439 1525 omissa,
481 1475 661 1526 propter
700 1470 883 1512 crimina
921 1469 1091 1512 urbana
1120 1468 1202 1512 sub
1233 1468 1417 1512 Claudio
1447 1475 1719 1526 perpetrata,
1752 1475 1995 1523 accusatus,

256 1540 476 1595 relegatur
495 1540 541 1580 in
562 1537 726 1580 insulas
743 1538 959 1594 Baleares,
982 1538 1184 1595 adempta
1204 1537 1420 1581 bonorum
1440 1544 1565 1595 parte
1581 1538 1679 1581 Tae.
1698 1552 1738 1580 a.
1757 1540 1822 1588 13,
1840 1541 1912 1581 42.
1928 1540 1994 1581 43.

254 1609 353 1651 Non
384 1608 548 1651 fractus
579 1608 736 1662 animo,
769 1607 993 1650 ferebatur
1024 1606 1203 1650 exilium
1225 1607 1400 1664 copiosa
1422 1613 1465 1649 et
1489 1605 1608 1649 molli
1630 1607 1723 1649 vita
1743 1605 1996 1649 toleravisse

254 1678 312 1721 ib.
344 1690 380 1720 e.
408 1680 479 1720 43.
539 1675 664 1719 Filii:
694 1675 874 1719 Suillius
904 1675 1158 1719 Nerullinus
1188 1676 1259 1731 ib„
1292 1676 1392 1718 item
1421 1675 1605 1729 fortasse
1636 1674 1820 1719 Suillius
1846 1674 1996 1717 Caeso-

252 1747 382 1791 ninus
422 1746 670 1801 (praeterea
708 1745 793 1800 filii
831 1745 920 1788 eius
959 1747 1250 1788 memorantur
1289 1745 1419 1788 etiam
1464 1745 1563 1787 Tae.
1596 1758 1636 1788 a.
1666 1748 1732 1795 11,
1764 1746 1796 1787 2
1809 1777 1818 1794 ,
1859 1744 1998 1799 neptis

251 1816 309 1861 ib.
341 1819 407 1867 13,
438 1815 523 1870 43).

174 1885 251 1929 701
288 1884 473 1939 Sulcius,
506 1882 674 1926 delator
705 1883 861 1928 Horat.
893 1886 974 1926 sat.
1005 1887 1042 1934 1,
1073 1886 1114 1935 4,
1146 1885 1199 1926 65
1229 1896 1322 1926 oum
1351 1882 1479 1927 schol.

176 1954 259 1998 702
291 1959 452 1996 SVLLA
483 1966 658 2009 praeses
689 1950 1009 2009 Cappadociae,
1040 1951 1096 1995 ab
1131 1951 1368 2007 Elagabalo
1401 1952 1568 1994 occisus
1588 1949 1677 1993 Dio
1704 1954 1769 2001 79,
1791 1954 1829 1994 4.
1878 1951 1997 1993 Idem

258 2022 424 2065 videtur
454 2021 521 2064 M.
555 2021 783 2063 Munatius
813 2020 938 2064 Sulla
969 2019 1163 2071 Cerialis,
1193 2021 1271 2063 sub
1303 2034 1382 2075 quo
1414 2020 1469 2074 ef.

176 2093 259 2136 703
291 2092 426 2147 Sulla,
458 2089 800 2145 mathematicus,
834 2090 946 2133 Gaio
979 2104 1128 2133 necem
1156 2090 1375 2147 praedixit
1407 2089 1521 2133 Suet.
1556 2088 1646 2132 Cal.
1677 2092 1743 2132 57.

191 3153 249 3160 Ι

289 2166 512 2203 FAVSTVS
545 2165 830 2202 CORNELIVS
863 2166 1037 2204 SVLLA.

290 2236 334 2275 L.
367 2234 651 2272 CORNELIVS
684 2235 860 2271 SVLLA.

290 2305 513 2342 FAVSTVS
546 2303 830 2340 CORNELIVS
865 2303 1027 2340 SVLLA
1057 2303 1225 2340 FELIX.

289 2374 334 2413 L.
367 2373 651 2410 CORNELIVS
683 2373 845 2409 SVLLA
873 2372 1042 2409 FELIX.

290 2445 342 2482 M.
373 2443 632 2480 MVNATIVS
664 2443 825 2479 SVLLA
856 2442 1102 2479 CERIALIS.

293 2507 470 2551 Sextius
502 2505 634 2549 Sulla.

290 2577 341 2619 L.
373 2575 585 2619 Aemilius
616 2574 894 2618 Sullectinus.

292 2652 333 2689 C.
362 2651 551 2687 MATIVS
580 2643 661 2698 (vel
690 2645 930 2698 MATTIVS)
965 2649 1194 2686 SABINIVS
1227 2649 1472 2685 SVLLINVS
1503 2649 1811 2685 VATINIANVS
1838 2646 1911 2684 Cel.

293 2715 579 2769 CL(AVD1vs)
612 2719 953 2756 SVLPICIANVS.

292 2783 504 2827 Claudius
535 2781 829 2840 Sulpicianus.

291 2859 336 2898 T.
367 2859 584 2895 FLAVIVS
616 2857 957 2895 SVLPICIANVS.

292 2922 343 2965 L.
375 2921 558 2965 Flavius
589 2920 868 2978 Sulpicianus
899 2921 1049 2963 Dorio.

291 2998 338 3034 L.
367 2997 582 3034 FLAVIVS
615 2995 939 3032 SVLPICIANVS
971 2994 1125 3031 DORIO
1157 2994 1425 3031 POLYMNIS.

294 3067 400 3103 SEX.
432 3066 650 3102 FVRNIVS
683 3064 1021 3101 SVLPICIANVS.

293 3135 337 3172 T.
370 3134 635 3181 QVINCTIVS
668 3133 927 3170 CRISPINVS
961 3132 1302 3170 SVLPICIANVS.

293 3204 510 3241 RVFRIVS
543 3202 884 3240 SVLPICIANVS.

181 3267 264 3309 704
296 3273 554 3309 SVLPICIVS
585 3264 825 3308 consularis
855 3265 936 3319 vir,
969 3269 1094 3320 pater
1123 3263 1366 3316 Memmiae,
1400 3262 1549 3304 uxoris
1569 3259 1811 3303 Alexandri
1835 3259 1997 3310 Severi,

265 3335 409 3378 Catuli
429 3349 566 3390 gener
587 3340 637 3377 ut
654 3334 829 3376 videtur
848 3334 921 3375 vit.
938 3332 1063 3375 Alex.
1081 3335 1152 3382 20,
1171 3336 1211 3374 3.
1250 3331 1318 3386 Cf.
1336 3345 1468 3385 supra
1485 3330 1561 3371 sub
1577 3328 1782 3370 Memmia
1795 3325 1874 3379 (M
1887 3325 1998 3379 348).
