2242 3672
131 248 347 287 VALLIVS
999 244 1084 287 383
1677 249 1950 286 VARDANES

180 438 182 440 Υ
215 381 262 423 in
281 380 468 423 Baetica
495 394 583 435 rep.
606 380 669 423 ΙΙ
680 383 794 424 1120
814 381 889 436 (1),
920 384 1034 424 2015
1053 379 1129 436 (2).
1176 382 1442 424 Procurator
1463 381 1789 438 provinciarum
1809 382 1950 425 Mace-

216 449 386 502 doniae,
405 449 669 504 Lusitaniae,
689 449 989 492 Mauretaniae
1002 450 1263 504 Tingitanae
1280 453 1308 494 t.
1320 453 1366 501 1;
1385 456 1642 506 procurator
1651 450 1952 506 Augustorum

217 518 403 561 duorum
434 518 506 574 (sc.
530 518 838 561 Mauretaniae
865 518 1149 573 Tinyitanae),
1183 520 1384 575 egregius
1414 520 1486 561 vir
1517 522 1545 562 t.
1566 523 1609 563 2.
1659 520 1952 563 ‘Provinciam

215 587 440 630 Baeticam
471 588 609 629 caesis
646 586 842 629 hostibus
880 588 978 643 paci
1018 588 1228 643 pristinae
1270 588 1472 630 restituit'
1518 591 1545 630 t.
1578 592 1628 640 1,·
1667 590 1952 646 municipium

216 655 499 711 (Singiliense
519 656 565 697 in
586 655 782 709 Baetica)
807 655 992 697 ‘diutina
1014 655 1239 698 obsidione
1261 662 1303 698 et
1324 655 1438 698 bello
1461 656 1732 699 Maurorum’
1748 658 1952 702 liberavit

216 728 245 767 t.
266 728 310 768 2.
353 724 529 767 Videtur
550 724 828 779 Tinyitanam
857 725 1016 768 rexisse
1047 727 1087 766 et
1112 725 1155 766 in
1176 725 1437 779 Hispaniam
1458 726 1674 769 traiecisse
1695 728 1953 782 temporibus

217 793 380 844 Marci,
412 807 505 836 cum
537 793 696 835 Mauri
723 793 967 846 Hispanias
994 796 1213 835 vastarent
1244 794 1331 848 (vit.
1365 793 1515 836 Marci
1542 794 1640 849 21).

131 863 209 906 171
244 862 415 906 Vallius
438 862 647 919 Syriacus
679 862 922 918 (coynomen
950 861 1088 905 solum
1114 862 1242 916 ponit
1271 861 1391 917 Dio),
1424 862 1550 905 homo
1581 863 1768 907 disertus
1790 864 1953 908 Seneca

214 935 347 975 contr.
368 935 412 982 2,
434 936 472 982 1,
493 934 560 975 34.
593 935 633 982 9,
654 935 693 982 4,
717 933 773 973 18
800 931 856 985 cf.
877 930 967 973 Dio
986 933 1054 981 58,
1075 934 1115 981 3,
1141 934 1178 973 7.
1218 920 1557 987 'praeceptorem
1579 932 1793 976 habuerat
1813 934 1953 977 Theo-

213 1001 370 1043 dorum
399 1000 560 1043 Seneca
590 1003 721 1043 contr.
754 1003 798 1051 2,
831 1003 870 1050 1,
902 1003 968 1042 36.
1029 998 1272 1042 Causarum
1301 1005 1422 1042 actor
1452 1001 1509 1043 ib.
1538 1004 1581 1051 2,
1603 1004 1642 1052 1,
1663 1005 1729 1044 34.
1761 1007 1799 1053 9,
1821 1007 1860 1055 4,
1882 1006 1949 1047 18.

214 1069 444 1112 Declamat
474 1070 531 1112 ib.
564 1073 602 1120 1,
624 1073 664 1120 1,
692 1072 751 1111 11.
785 1075 824 1120 1,
847 1071 885 1120 1,
908 1071 979 1112 21.
1010 1072 1054 1119 2,
1079 1071 1118 1119 6,
1140 1072 1206 1111 13.
1239 1072 1277 1119 7,
1300 1072 1337 1119 6,
1358 1072 1410 1111 11
1441 1069 1606 1123 (rhetor
1634 1071 1691 1113 ib.
1722 1074 1762 1122 9,
1793 1076 1831 1123 4,
1864 1073 1950 1128 18).

215 1138 372 1182 Comes
404 1138 604 1182 Stertinii
635 1138 844 1192 Maximi,
885 1152 965 1194 per
994 1152 1131 1179 annos
1163 1137 1393 1179 duodecim
1422 1138 1690 1194 (quindecim
1722 1140 1841 1195 exa),
1875 1142 1950 1197 qui

215 1222 312 1250 eum
343 1214 494 1264 postea
523 1206 595 1249 vel
627 1207 852 1249 accusavit
877 1205 947 1248 vel
978 1207 1274 1249 testimonium
1306 1207 1348 1247 in
1380 1221 1478 1248 eum
1503 1206 1616 1249 dixit
1637 1207 1799 1254 Seneca
1819 1213 1949 1253 contr.

212 1280 255 1328 2,
277 1280 317 1328 1,
338 1279 394 1319 36
413 1277 485 1332 (=
506 1290 592 1319 exc.
615 1279 747 1318 contr.
764 1279 808 1326 2,
827 1277 884 1332 1).
922 1274 1104 1318 Occisus
1126 1289 1163 1317 a.
1183 1276 1250 1330 30,
1277 1275 1394 1331 quod
1417 1275 1622 1318 Tiberius
1644 1291 1742 1319 eum
1762 1278 1950 1320 amicum

211 1346 354 1389 Asinii
388 1344 506 1389 Galli
536 1345 771 1401 scripserat
799 1343 888 1387 Dio
912 1346 980 1394 58,
1000 1346 1040 1386 3.

129 1416 210 1459 172
238 1415 461 1470 Vangius,
507 1429 594 1456 una
634 1428 733 1456 cum
764 1412 926 1456 Sidone
956 1413 1093 1455 fratre
1126 1413 1351 1455 Vannium
1381 1413 1646 1456 avunculum
1679 1428 1814 1469 regno
1847 1414 1950 1458 Sue-

211 1483 368 1527 borum
398 1482 532 1540 pellit,
565 1498 603 1527 a.
627 1484 683 1525 50
710 1482 809 1525 Tac.
831 1485 903 1533 12,
925 1485 999 1526 29.
1021 1485 1092 1525 30.

127 1554 210 1597 173
240 1553 466 1607 Vannius,
498 1566 522 1593 e
552 1558 683 1606 gente
710 1550 992 1605 Quadorum,
1034 1566 1059 1592 a
1092 1551 1238 1593 Druso
1276 1550 1463 1593 Caesare
1504 1565 1584 1593 rex
1624 1551 1750 1594 datus
1792 1552 1952 1595 Suebis

217 1622 317 1665 Tac.
340 1636 380 1666 a.
395 1624 439 1672 2,
457 1624 521 1663 63.
543 1624 614 1671 12,
632 1623 704 1664 29.
736 1621 937 1675 Regnum
949 1620 1231 1663 Vannianum
1245 1619 1362 1662 Plin.
1380 1619 1419 1663 h.
1436 1634 1478 1664 n.
1494 1623 1533 1670 4,
1551 1622 1606 1662 81
1628 1620 1698 1676 (cf.
1713 1621 1953 1664 Mommsen

210 1691 308 1734 hist.
339 1690 462 1734 Rom.
504 1689 546 1732 V
558 1704 607 1744 p.
636 1692 719 1732 196
747 1692 836 1732 not.
865 1689 927 1744 1).
990 1688 1157 1731 Nomen
1187 1688 1346 1731 Vannii
1379 1688 1426 1730 in
1455 1689 1638 1731 nummis
1668 1690 1954 1744 compluribus

209 1761 361 1805 Sillein
392 1759 451 1802 ad
478 1759 522 1813 fl.
554 1758 693 1813 Waay
722 1758 902 1812 repertis
933 1758 1065 1813 leyere
1094 1758 1181 1800 sibi
1209 1758 1323 1799 visus
1354 1760 1414 1799 est
1439 1757 1638 1800 Neudech
1669 1758 1804 1802 Wien.
1835 1773 1951 1801 num.

211 1829 419 1873 Zeitschr.
451 1831 521 1879 12,
552 1830 665 1870 1880
687 1841 736 1882 p.
759 1831 861 1878 114,
894 1827 968 1869 secl
1004 1827 1136 1877 male,
1178 1830 1227 1868 ut
1266 1829 1447 1869 testatur
1474 1840 1511 1869 v.
1545 1826 1695 1870 Sallet.
1757 1827 1951 1869 Divitiae

212 1899 304 1941 eius
332 1898 431 1941 Tac.
455 1911 493 1941 a.
518 1900 590 1948 12,
613 1900 686 1941 29.
746 1896 800 1938 A.
824 1897 880 1939 50
911 1910 1045 1951 regno
1077 1895 1230 1952 pulsus
1262 1902 1305 1937 et
1336 1896 1379 1937 in
1411 1896 1680 1951 provinciam
1711 1897 1950 1938 Romanam

211 1977 411 2024 receptus
439 1968 538 2010 Tac.
560 1981 600 2011 a.
622 1970 694 2018 12,
716 1969 789 2009 29.
811 1969 879 2008 30.

139 2061 197 2067 -
240 2043 452 2080 MVMMIA
482 2042 636 2078 VARA.

128 2106 210 2149 174
239 2105 507 2148 Vararanes:
543 2109 629 2147 tres
656 2118 776 2160 reyes
805 2104 931 2146 huius
951 2104 1147 2154 nominis,
1179 2105 1292 2146 inter
1312 2104 1496 2158 Saporis
1515 2104 1653 2159 filium
1673 2104 1952 2147 Hormisdam

211 2178 251 2218 et
290 2174 475 2217 Narsem
509 2176 809 2217 recensuerunt
847 2173 1020 2215 tabulae
1058 2187 1204 2227 reyum
1234 2172 1488 2227 Persarum,
1531 2187 1552 2215 e
1580 2173 1733 2226 quibus
1765 2172 1953 2227 pendent

210 2244 426 2299 Ayathias
455 2247 494 2294 4,
529 2247 588 2286 24
626 2246 666 2285 et
705 2241 928 2296 Syncellus
959 2256 1007 2295 p.
1039 2244 1121 2284 678
1161 2241 1302 2285 Bonn.
1374 2241 1578 2283 Videntur
1615 2242 1855 2296 reynavisse
1896 2242 1949 2284 ab

211 2328 251 2356 a.
272 2317 364 2357 272
394 2313 454 2355 acl
482 2327 521 2357 a.
544 2316 647 2362 292,
680 2313 734 2366 cf.
760 2310 950 2353 Nolclehe
979 2310 1128 2354 Gesch.
1152 2310 1190 2354 cl.
1214 2309 1369 2352 Perser
1397 2324 1475 2353 eur
1500 2310 1597 2352 Zeit
1617 2310 1691 2352 der
1711 2310 1952 2354 Sasaniclen

207 2397 256 2437 p.
277 2386 331 2425 46
351 2395 435 2436 seq.
465 2385 546 2424 414
566 2394 650 2435 seq.

127 2451 209 2494 175
240 2451 491 2504 Vardanes,
533 2450 748 2492 Artabani
796 2450 912 2504 regis
958 2448 1218 2491 Parthorum
1266 2448 1381 2489 filius
1422 2448 1589 2502 Ioseph.
1621 2452 1709 2491 ant.
1740 2451 1819 2498 20,
1851 2451 1895 2497 3,
1927 2451 1953 2488 4

212 2521 284 2575 (cf.
316 2521 451 2577 patris
482 2521 548 2562 sui
580 2519 820 2561 defectores
858 2519 956 2562 Tac.
991 2522 1056 2569 11,
1087 2520 1116 2560 8
1144 2518 1223 2559 ubi
1252 2512 1349 2559 item
1379 2517 1638 2571 iTntelleqititr
1667 2517 1950 2566 Artabanus),

211 2589 348 2631 frater
378 2589 580 2633 Gotarzis
611 2587 778 2642 Ioseph.
810 2587 836 2630 l.
869 2602 926 2638 c.,
964 2587 1063 2629 Tac.
1097 2601 1137 2631 a.
1169 2590 1245 2637 11,
1278 2589 1317 2637 9,
1359 2586 1473 2642 patri
1515 2587 1558 2627 in
1591 2599 1726 2640 regno
1759 2584 1954 2628 succedit

212 2658 378 2713 Ioseph.
402 2658 427 2700 l.
449 2671 482 2702 c.
527 2657 706 2700 Accitus
738 2673 764 2699 a
796 2657 970 2699 Parthis
998 2663 1151 2698 contra
1170 2655 1419 2707 Gotarzem‚
1450 2655 1567 2697 hunc
1590 2668 1724 2709 regno
1746 2653 1952 2696 deturbat

218 2727 317 2769 Tac.
340 2742 381 2770 a.
405 2730 471 2778 11,
492 2729 532 2770 8.
555 2730 596 2768 9.
647 2727 847 2780 Regnum
870 2726 1077 2767 amissum
1104 2725 1380 2781 recuperavit
1402 2723 1696 2765 Philostratus
1714 2724 1785 2765 vit.
1807 2721 1951 2776 Apoll.

213 2799 252 2846 1,
283 2799 342 2839 21
373 2796 428 2850 cf.
458 2798 530 2840 28.
582 2796 726 2849 Iqitur
754 2795 842 2837 nisi
871 2795 1033 2836 erravit
1060 2794 1277 2848 Iosephus,
1309 2792 1580 2835 statuendum
1607 2795 1679 2842 est,
1714 2791 1953 2833 Vardanem

208 2868 309 2919 post
328 2868 504 2906 mortem
523 2863 748 2906 Artabani
767 2878 852 2918 per
872 2863 992 2905 breve
1014 2866 1175 2917 tempus
1195 2876 1371 2916 reynum
1392 2862 1586 2911 tenuisse,
1619 2860 1767 2902 deinde
1794 2859 1952 2901 Gotar-

211 2948 298 2976 eem
334 2947 510 2988 reynum
550 2933 839 2988 occupavisse,
881 2932 991 2974 hunc
1030 2945 1181 2974 rursus
1224 2945 1252 2973 a
1293 2930 1493 2973 Vardane
1523 2929 1720 2984 pulsum:
1760 2931 1800 2969 ct
1838 2929 1954 2969 extat

211 3016 406 3044 nummus
439 3002 553 3056 reyis
591 3001 775 3043 alicuius
815 3001 1016 3043 Parthici
1054 3013 1178 3042 cusus
1215 3012 1353 3041 mense
1385 2997 1601 3052 Gorpiaeo
1633 3010 1732 3038 ann.
1765 2994 1850 3037 Sel.
1871 2997 1951 3036 351

212 3091 268 3105 :2
301 3071 418 3125 Sept.
461 3085 501 3114 a.
541 3074 597 3113 40
633 3070 754 3126 (muS.
796 3069 956 3120 Berol„
1001 3069 1054 3123 cf.
1098 3069 1235 3123 Percy
1275 3067 1478 3111 Gardncr
1518 3065 1734 3107 Parthian
1779 3064 1952 3117 coinaye

210 3155 258 3194 p.
279 3139 395 3196 48s9)
427 3140 585 3194 aliique
615 3139 799 3181 ciusdem
828 3139 942 3193 reyis
971 3138 1070 3180 inde
1090 3152 1118 3180 a
1137 3150 1265 3180 mens.
1288 3136 1373 3178 Iul.
1394 3139 1463 3189 42,
1496 3147 1598 3187 quos
1620 3131 1834 3174 Vardanis
1864 3143 1951 3172 esse

211 3211 385 3263 putant,
417 3208 499 3250 alii
521 3209 574 3250 ab
597 3208 663 3249 his
684 3207 841 3250 diversi
860 3208 951 3250 cusi
973 3222 1012 3251 a.
1034 3210 1088 3249 41
1109 3207 1183 3260 qui
1209 3205 1412 3248 Gotarzis
1434 3216 1519 3245 esse
1537 3201 1743 3243 videntur.
1791 3200 1950 3241 Pacem

215 3277 319 3319 facit
350 3292 450 3319 cum
481 3277 670 3320 Gotarze
706 3276 804 3320 Tac.
836 3279 902 3326 11,
933 3278 984 3327 9;
1014 3290 1165 3317 rursus
1195 3273 1357 3316 bellum
1390 3286 1489 3314 cum
1520 3285 1570 3312 eo
1601 3269 1713 3323 gerit
1743 3268 1800 3309 ib.
1828 3281 1862 3310 c.
1883 3271 1949 3311 10.

217 3345 462 3388 Seleuciam
492 3351 721 3402 recuperat
749 3345 806 3387 ib.
837 3358 870 3387 c.
894 3348 920 3386 9
949 3343 1295 3400 (Ctesiphontem
1321 3340 1540 3383 ‘instituit’
1565 3337 1782 3379 Ammian.
1807 3335 1951 3378 Marc.
