<?xml version="1.0" encoding="UTF-8"?>
<!DOCTYPE html PUBLIC "-//W3C//DTD XHTML 1.0 Transitional//EN"
    "http://www.w3.org/TR/xhtml1/DTD/xhtml1-transitional.dtd">
<html xmlns="http://www.w3.org/1999/xhtml" xml:lang="en" lang="en">
 <head>
  <title>
</title>
<meta http-equiv="Content-Type" content="text/html;charset=utf-8" />
  <meta name='ocr-system' content='tesseract 3.04.00' />
  <meta name='ocr-capabilities' content='ocr_page ocr_carea ocr_par ocr_line ocrx_word'/>
</head>
<body>
  <div class='ocr_page' id='page_1' title='image "./prosopographiaim03akaduoft_0254.png"; bbox 0 0 2242 3672; ppageno 0'>
   <div class='ocr_carea' id='block_1_1' title="bbox 297 240 2100 290">
    <p class='ocr_par' dir='ltr' id='par_1_1' title="bbox 297 240 2100 290">
     <span class='ocr_line' id='line_1_1' title="bbox 297 240 2100 290; baseline -0.007 0"><span class='ocrx_word' id='word_1_1' title='bbox 297 252 507 290; x_wconf 88' lang='lat' dir='ltr'><strong>SICINIVS</strong></span> <span class='ocrx_word' id='word_1_2' title='bbox 1159 240 1242 282; x_wconf 83' lang='grc'><strong>242</strong></span> <span class='ocrx_word' id='word_1_3' title='bbox 1313 271 1315 274; x_wconf 64' lang='lat'><strong><em>.</em></strong></span> <span class='ocrx_word' id='word_1_4' title='bbox 1893 241 2100 279; x_wconf 85' lang='lat' dir='ltr'><strong>SIGERVS</strong></span> 
     </span>
    </p>
   </div>
   <div class='ocr_carea' id='block_1_2' title="bbox 1931 306 2101 312">
    <p class='ocr_par' dir='ltr' id='par_1_2' title="bbox 1931 306 2101 312">
     <span class='ocr_line' id='line_1_2' title="bbox 1931 306 2101 312; baseline 0 0"><span class='ocrx_word' id='word_1_5' title='bbox 1931 306 2101 312; x_wconf 95' lang='lat' dir='ltr'><strong> </strong></span> 
     </span>
    </p>
   </div>
   <div class='ocr_carea' id='block_1_3' title="bbox 300 373 2112 1185">
    <p class='ocr_par' dir='ltr' id='par_1_3' title="bbox 383 373 2104 505">
     <span class='ocr_line' id='line_1_3' title="bbox 383 373 2104 439; baseline -0.006 -13"><span class='ocrx_word' id='word_1_6' title='bbox 383 382 556 439; x_wconf 78' lang='grc' dir='ltr'>Ῥοῦφος</span> <span class='ocrx_word' id='word_1_7' title='bbox 578 381 772 424; x_wconf 71' lang='lat' dir='ltr'><strong>Mz&#39;onnet</strong></span> <span class='ocrx_word' id='word_1_8' title='bbox 790 381 882 429; x_wconf 89' lang='lat'><strong><em>511,</em></strong></span> <span class='ocrx_word' id='word_1_9' title='bbox 901 381 1020 420; x_wconf 82' lang='lat'><strong><em>1810.</em></strong></span> <span class='ocrx_word' id='word_1_10' title='bbox 1042 380 1135 426; x_wconf 90' lang='lat'><strong><em>517,</em></strong></span> <span class='ocrx_word' id='word_1_11' title='bbox 1157 378 1278 426; x_wconf 93' lang='grc'><em>1848,</em></span> <span class='ocrx_word' id='word_1_12' title='bbox 1309 376 1400 418; x_wconf 76' lang='lat' dir='ltr'><strong>sine</strong></span> <span class='ocrx_word' id='word_1_13' title='bbox 1430 374 1555 416; x_wconf 76' lang='lat' dir='ltr'><strong><em>dubio</em></strong></span> <span class='ocrx_word' id='word_1_14' title='bbox 1585 374 1727 428; x_wconf 82' lang='lat' dir='ltr'><strong>male).</strong></span> <span class='ocrx_word' id='word_1_15' title='bbox 1751 398 1802 404; x_wconf 85' lang='lat'>—</span> <span class='ocrx_word' id='word_1_16' title='bbox 1824 373 2030 417; x_wconf 71' lang='lat' dir='ltr'><strong>Diversus</strong></span> <span class='ocrx_word' id='word_1_17' title='bbox 2049 373 2104 416; x_wconf 83' lang='lat' dir='ltr'><strong>ab</strong></span> 
     </span>
     <span class='ocr_line' id='line_1_4' title="bbox 385 443 1504 505; baseline -0.008 -11"><span class='ocrx_word' id='word_1_18' title='bbox 385 467 429 494; x_wconf 76' lang='lat' dir='ltr'><strong>eo</strong></span> <span class='ocrx_word' id='word_1_19' title='bbox 460 452 532 505; x_wconf 74' lang='lat' dir='ltr'><strong>qut</strong></span> <span class='ocrx_word' id='word_1_20' title='bbox 550 448 782 504; x_wconf 72' lang='lat' dir='ltr'><strong>praeeedit,</strong></span> <span class='ocrx_word' id='word_1_21' title='bbox 814 446 887 489; x_wconf 79' lang='lat' dir='ltr'><strong>sed</strong></span> <span class='ocrx_word' id='word_1_22' title='bbox 914 447 1096 500; x_wconf 80' lang='lat' dir='ltr'><strong>fortasse</strong></span> <span class='ocrx_word' id='word_1_23' title='bbox 1127 445 1180 487; x_wconf 84' lang='lat' dir='ltr'><strong>ab</strong></span> <span class='ocrx_word' id='word_1_24' title='bbox 1212 458 1257 487; x_wconf 86' lang='lat' dir='ltr'><strong>eo</strong></span> <span class='ocrx_word' id='word_1_25' title='bbox 1288 443 1504 486; x_wconf 78' lang='lat' dir='ltr'><strong>oriundas.</strong></span> 
     </span>
    </p>

    <p class='ocr_par' dir='ltr' id='par_1_4' title="bbox 383 508 2110 840">
     <span class='ocr_line' id='line_1_5' title="bbox 469 508 2106 573; baseline -0.005 -12"><span class='ocrx_word' id='word_1_26' title='bbox 469 520 661 573; x_wconf 88' lang='lat' dir='ltr'><strong>Legatus</strong></span> <span class='ocrx_word' id='word_1_27' title='bbox 702 530 779 572; x_wconf 89' lang='lat' dir='ltr'><strong>pro</strong></span> <span class='ocrx_word' id='word_1_28' title='bbox 820 530 883 571; x_wconf 88' lang='lat' dir='ltr'><strong>pr.</strong></span> <span class='ocrx_word' id='word_1_29' title='bbox 916 514 1127 556; x_wconf 81' lang='lat' dir='ltr'>Thraciae</span> <span class='ocrx_word' id='word_1_30' title='bbox 1168 513 1284 554; x_wconf 88' lang='lat' dir='ltr'><strong>circa</strong></span> <span class='ocrx_word' id='word_1_31' title='bbox 1321 527 1358 554; x_wconf 90' lang='lat' dir='ltr'><strong>a.</strong></span> <span class='ocrx_word' id='word_1_32' title='bbox 1391 513 1489 555; x_wconf 79' lang='lat'><strong><em>202.</em></strong></span> <span class='ocrx_word' id='word_1_33' title='bbox 1522 511 1605 554; x_wconf 81' lang='lat'><strong>203</strong></span> <span class='ocrx_word' id='word_1_34' title='bbox 1638 514 1691 562; x_wconf 92' lang='lat' dir='ltr'><strong>t.,·</strong></span> <span class='ocrx_word' id='word_1_35' title='bbox 1729 512 1891 554; x_wconf 72' lang='lat' dir='ltr'><strong>nummi</strong></span> <span class='ocrx_word' id='word_1_36' title='bbox 1929 508 2106 566; x_wconf 61' lang='lat' dir='ltr'><strong>(tempus</strong></span> 
     </span>
     <span class='ocr_line' id='line_1_6' title="bbox 385 579 2106 641; baseline -0.005 -11"><span class='ocrx_word' id='word_1_37' title='bbox 385 588 596 641; x_wconf 73' lang='lat' dir='ltr'><strong>colliyz&#39;tar</strong></span> <span class='ocrx_word' id='word_1_38' title='bbox 624 584 720 627; x_wconf 77' lang='lat' dir='ltr'><strong>inde</strong></span> <span class='ocrx_word' id='word_1_39' title='bbox 748 582 860 637; x_wconf 76' lang='lat' dir='ltr'><em>quod</em></span> <span class='ocrx_word' id='word_1_40' title='bbox 888 583 933 624; x_wconf 75' lang='lat' dir='ltr'><strong>in</strong></span> <span class='ocrx_word' id='word_1_41' title='bbox 953 585 1083 636; x_wconf 78' lang='lat' dir='ltr'><strong>parte</strong></span> <span class='ocrx_word' id='word_1_42' title='bbox 1107 594 1384 631; x_wconf 72' lang='lat' dir='ltr'><strong>nummorum,</strong></span> <span class='ocrx_word' id='word_1_43' title='bbox 1418 594 1486 634; x_wconf 74' lang='lat' dir='ltr'><strong>ap.</strong></span> <span class='ocrx_word' id='word_1_44' title='bbox 1507 579 1704 622; x_wconf 69' lang='lat' dir='ltr'><strong>Mimnet</strong></span> <span class='ocrx_word' id='word_1_45' title='bbox 1721 582 1816 630; x_wconf 85' lang='lat'><strong><em>391,</em></strong></span> <span class='ocrx_word' id='word_1_46' title='bbox 1837 581 2106 623; x_wconf 78' lang='lat'><strong><em>1124-1126.</em></strong></span> 
     </span>
     <span class='ocr_line' id='line_1_7' title="bbox 383 647 2109 705; baseline -0.005 -7"><span class='ocrx_word' id='word_1_47' title='bbox 383 659 476 705; x_wconf 99' lang='lat'><strong><em>517,</em></strong></span> <span class='ocrx_word' id='word_1_48' title='bbox 503 656 622 703; x_wconf 90' lang='grc'><em>1848,</em></span> <span class='ocrx_word' id='word_1_49' title='bbox 664 653 762 694; x_wconf 76' lang='lat' dir='ltr'><strong>item</strong></span> <span class='ocrx_word' id='word_1_50' title='bbox 791 651 906 693; x_wconf 72' lang='lat' dir='ltr'><strong>Brit.</strong></span> <span class='ocrx_word' id='word_1_51' title='bbox 939 650 1055 694; x_wconf 78' lang='lat' dir='ltr'><strong>Mas.</strong></span> <span class='ocrx_word' id='word_1_52' title='bbox 1077 652 1172 700; x_wconf 89' lang='grc'><em>180,</em></span> <span class='ocrx_word' id='word_1_53' title='bbox 1193 652 1263 700; x_wconf 91' lang='grc'><em>23,</em></span> <span class='ocrx_word' id='word_1_54' title='bbox 1297 652 1357 691; x_wconf 79' lang='lat' dir='ltr'><strong>est</strong></span> <span class='ocrx_word' id='word_1_55' title='bbox 1388 651 1516 703; x_wconf 64' lang='lat' dir='ltr'><strong>caput</strong></span> <span class='ocrx_word' id='word_1_56' title='bbox 1544 647 1794 698; x_wconf 66' lang='lat' dir='ltr'><strong>Plautinae,</strong></span> <span class='ocrx_word' id='word_1_57' title='bbox 1827 650 1951 702; x_wconf 78' lang='lat' dir='ltr'><strong>atque</strong></span> <span class='ocrx_word' id='word_1_58' title='bbox 1980 649 2109 690; x_wconf 83' lang='lat' dir='ltr'><strong>etiam</strong></span> 
     </span>
     <span class='ocr_line' id='line_1_8' title="bbox 383 715 2110 776; baseline -0.005 -10"><span class='ocrx_word' id='word_1_59' title='bbox 383 726 427 767; x_wconf 69' lang='lat' dir='ltr'><strong>irc</strong></span> <span class='ocrx_word' id='word_1_60' title='bbox 458 726 485 765; x_wconf 91' lang='lat' dir='ltr'><strong>t.</strong></span> <span class='ocrx_word' id='word_1_61' title='bbox 509 724 684 776; x_wconf 73' lang='lat' dir='ltr'><strong>praeter</strong></span> <span class='ocrx_word' id='word_1_62' title='bbox 714 719 910 762; x_wconf 77' lang='lat' dir='ltr'><strong>Severum</strong></span> <span class='ocrx_word' id='word_1_63' title='bbox 938 718 1282 771; x_wconf 65' lang='lat' dir='ltr'><strong>Antoniumque</strong></span> <span class='ocrx_word' id='word_1_64' title='bbox 1301 717 1516 771; x_wconf 72' lang='lat' dir='ltr'><strong>Aayastos</strong></span> <span class='ocrx_word' id='word_1_65' title='bbox 1546 720 1585 759; x_wconf 83' lang='lat' dir='ltr'><strong>et</strong></span> <span class='ocrx_word' id='word_1_66' title='bbox 1610 716 1771 759; x_wconf 74' lang='lat' dir='ltr'><strong>Iuliam</strong></span> <span class='ocrx_word' id='word_1_67' title='bbox 1800 715 2041 771; x_wconf 68' lang='lat' dir='ltr'><strong>Auyustasm</strong></span> <span class='ocrx_word' id='word_1_68' title='bbox 2069 717 2110 758; x_wconf 82' lang='lat' dir='ltr'><strong>et</strong></span> 
     </span>
     <span class='ocr_line' id='line_1_9' title="bbox 387 785 1681 840; baseline -0.003 -7"><span class='ocrx_word' id='word_1_69' title='bbox 387 791 539 834; x_wconf 78' lang='lat' dir='ltr'><strong>Getam</strong></span> <span class='ocrx_word' id='word_1_70' title='bbox 571 787 794 832; x_wconf 78' lang='lat' dir='ltr'><strong>Caesarem</strong></span> <span class='ocrx_word' id='word_1_71' title='bbox 822 790 1055 830; x_wconf 80' lang='lat' dir='ltr'><strong>memorata</strong></span> <span class='ocrx_word' id='word_1_72' title='bbox 1084 786 1247 828; x_wconf 79' lang='lat' dir='ltr'><strong>videtur</strong></span> <span class='ocrx_word' id='word_1_73' title='bbox 1277 787 1408 840; x_wconf 79' lang='lat' dir='ltr'><strong>faisse</strong></span> <span class='ocrx_word' id='word_1_74' title='bbox 1438 785 1681 836; x_wconf 74' lang='lat' dir='ltr'><strong>Plautina).</strong></span> 
     </span>
    </p>

    <p class='ocr_par' dir='ltr' id='par_1_5' title="bbox 300 853 1636 911">
     <span class='ocr_line' id='line_1_10' title="bbox 300 853 1636 911; baseline -0.005 -9"><span class='ocrx_word' id='word_1_75' title='bbox 300 861 383 902; x_wconf 84' lang='lat'><strong>495</strong></span> <span class='ocrx_word' id='word_1_76' title='bbox 414 859 473 902; x_wconf 93' lang='grc' dir='ltr'><strong>Μ.</strong></span> <span class='ocrx_word' id='word_1_77' title='bbox 507 858 694 901; x_wconf 77' lang='lat' dir='ltr'><strong>Sicinius</strong></span> <span class='ocrx_word' id='word_1_78' title='bbox 726 855 1019 909; x_wconf 83' lang='lat' dir='ltr'><strong>Philodamus,</strong></span> <span class='ocrx_word' id='word_1_79' title='bbox 1052 869 1162 911; x_wconf 92' lang='lat' dir='ltr'><strong>puer</strong></span> <span class='ocrx_word' id='word_1_80' title='bbox 1192 855 1392 909; x_wconf 88' lang='lat' dir='ltr'><strong>egregius</strong></span> <span class='ocrx_word' id='word_1_81' title='bbox 1425 853 1494 896; x_wconf 89' lang='lat' dir='ltr'><strong>VI</strong></span> <span class='ocrx_word' id='word_1_82' title='bbox 1514 856 1636 896; x_wconf 94' lang='lat'><strong><em>1631.</em></strong></span> 
     </span>
    </p>

    <p class='ocr_par' dir='ltr' id='par_1_6' title="bbox 301 920 2112 1185">
     <span class='ocr_line' id='line_1_11' title="bbox 301 920 2109 978; baseline -0.003 -8"><span class='ocrx_word' id='word_1_83' title='bbox 301 928 384 970; x_wconf 81' lang='lat'><strong>496</strong></span> <span class='ocrx_word' id='word_1_84' title='bbox 416 926 603 969; x_wconf 81' lang='lat' dir='ltr'><strong>Sicinius</strong></span> <span class='ocrx_word' id='word_1_85' title='bbox 623 925 874 978; x_wconf 80' lang='lat' dir='ltr'><strong>Pontianus,</strong></span> <span class='ocrx_word' id='word_1_86' title='bbox 898 924 1049 967; x_wconf 89' lang='lat' dir='ltr'><strong>Sicinii</strong></span> <span class='ocrx_word' id='word_1_87' title='bbox 1074 923 1215 965; x_wconf 82' lang='lat' dir='ltr'><strong>Amici</strong></span> <span class='ocrx_word' id='word_1_88' title='bbox 1238 929 1280 965; x_wconf 92' lang='lat' dir='ltr'><strong>et</strong></span> <span class='ocrx_word' id='word_1_89' title='bbox 1301 921 1510 965; x_wconf 83' lang='lat' dir='ltr'><strong>Aemiliae</strong></span> <span class='ocrx_word' id='word_1_90' title='bbox 1534 921 1806 964; x_wconf 83' lang='lat' dir='ltr'><strong>Pudentillae</strong></span> <span class='ocrx_word' id='word_1_91' title='bbox 1826 920 1940 964; x_wconf 87' lang='lat' dir='ltr'><strong>filius</strong></span> <span class='ocrx_word' id='word_1_92' title='bbox 1959 922 2109 976; x_wconf 85' lang='lat' dir='ltr'><strong>maior,</strong></span> 
     </span>
     <span class='ocr_line' id='line_1_12' title="bbox 386 988 2111 1049; baseline -0.003 -12"><span class='ocrx_word' id='word_1_93' title='bbox 386 1001 555 1037; x_wconf 89' lang='lat' dir='ltr'><strong>mortuo</strong></span> <span class='ocrx_word' id='word_1_94' title='bbox 596 999 718 1049; x_wconf 84' lang='lat' dir='ltr'><strong>patre</strong></span> <span class='ocrx_word' id='word_1_95' title='bbox 757 993 836 1035; x_wconf 90' lang='lat' dir='ltr'><strong>sub</strong></span> <span class='ocrx_word' id='word_1_96' title='bbox 878 992 1013 1037; x_wconf 85' lang='lat' dir='ltr'><strong>tutela</strong></span> <span class='ocrx_word' id='word_1_97' title='bbox 1042 993 1114 1034; x_wconf 85' lang='lat' dir='ltr'><strong>avi</strong></span> <span class='ocrx_word' id='word_1_98' title='bbox 1143 991 1334 1049; x_wconf 88' lang='lat' dir='ltr'><strong>pupillus</strong></span> <span class='ocrx_word' id='word_1_99' title='bbox 1365 991 1563 1045; x_wconf 90' lang='lat' dir='ltr'><strong>relictus,</strong></span> <span class='ocrx_word' id='word_1_100' title='bbox 1600 996 1854 1033; x_wconf 86' lang='lat' dir='ltr'><strong>testamento</strong></span> <span class='ocrx_word' id='word_1_101' title='bbox 1885 990 1957 1032; x_wconf 87' lang='lat' dir='ltr'><strong>avi</strong></span> <span class='ocrx_word' id='word_1_102' title='bbox 1987 988 2111 1032; x_wconf 85' lang='lat' dir='ltr'><strong>heres</strong></span> 
     </span>
     <span class='ocr_line' id='line_1_13' title="bbox 387 1057 2111 1115; baseline -0.002 -10"><span class='ocrx_word' id='word_1_103' title='bbox 387 1064 609 1105; x_wconf 84' lang='lat' dir='ltr'><strong>institutus</strong></span> <span class='ocrx_word' id='word_1_104' title='bbox 640 1076 739 1104; x_wconf 90' lang='lat' dir='ltr'><strong>cum</strong></span> <span class='ocrx_word' id='word_1_105' title='bbox 760 1061 895 1103; x_wconf 87' lang='lat' dir='ltr'><strong>fratre</strong></span> <span class='ocrx_word' id='word_1_106' title='bbox 915 1062 1081 1103; x_wconf 91' lang='lat' dir='ltr'><strong>minore</strong></span> <span class='ocrx_word' id='word_1_107' title='bbox 1101 1060 1335 1115; x_wconf 85' lang='lat' dir='ltr'><strong>(Pudente)</strong></span> <span class='ocrx_word' id='word_1_108' title='bbox 1358 1066 1400 1102; x_wconf 88' lang='lat' dir='ltr'><strong>et</strong></span> <span class='ocrx_word' id='word_1_109' title='bbox 1421 1059 1548 1102; x_wconf 90' lang='lat' dir='ltr'><strong>huius</strong></span> <span class='ocrx_word' id='word_1_110' title='bbox 1570 1065 1688 1102; x_wconf 86' lang='lat' dir='ltr'><strong>tutor</strong></span> <span class='ocrx_word' id='word_1_111' title='bbox 1707 1058 1839 1114; x_wconf 71' lang='lat' dir='ltr'><strong><em>Apul.</em></strong></span> <span class='ocrx_word' id='word_1_112' title='bbox 1860 1057 1971 1114; x_wconf 61' lang='lat' dir='ltr'><strong>apol.</strong></span> <span class='ocrx_word' id='word_1_113' title='bbox 1993 1071 2028 1101; x_wconf 78' lang='lat' dir='ltr'><strong>c.</strong></span> <span class='ocrx_word' id='word_1_114' title='bbox 2043 1060 2111 1102; x_wconf 88' lang='grc'><strong>68.</strong></span> 
     </span>
     <span class='ocr_line' id='line_1_14' title="bbox 389 1127 2112 1185; baseline -0.002 -12"><span class='ocrx_word' id='word_1_115' title='bbox 389 1132 567 1174; x_wconf 86' lang='lat' dir='ltr'><strong>Iuvenis</strong></span> <span class='ocrx_word' id='word_1_116' title='bbox 599 1131 786 1173; x_wconf 90' lang='lat' dir='ltr'><strong>disertus</strong></span> <span class='ocrx_word' id='word_1_117' title='bbox 807 1130 863 1173; x_wconf 76' lang='lat' dir='ltr'><strong>ib.</strong></span> <span class='ocrx_word' id='word_1_118' title='bbox 886 1143 920 1172; x_wconf 79' lang='lat' dir='ltr'><strong>c.</strong></span> <span class='ocrx_word' id='word_1_119' title='bbox 942 1132 1007 1172; x_wconf 88' lang='grc'><strong>98.</strong></span> <span class='ocrx_word' id='word_1_120' title='bbox 1057 1128 1445 1185; x_wconf 91' lang='lat' dir='ltr'><strong>Splendidissimus</strong></span> <span class='ocrx_word' id='word_1_121' title='bbox 1476 1143 1607 1184; x_wconf 82' lang='lat' dir='ltr'><strong>eques</strong></span> <span class='ocrx_word' id='word_1_122' title='bbox 1630 1127 1887 1182; x_wconf 86' lang='lat' dir='ltr'><strong>(Romanus)</strong></span> <span class='ocrx_word' id='word_1_123' title='bbox 1907 1127 1963 1170; x_wconf 79' lang='lat' dir='ltr'><strong>ib.</strong></span> <span class='ocrx_word' id='word_1_124' title='bbox 1986 1140 2021 1170; x_wconf 81' lang='lat' dir='ltr'><strong>c.</strong></span> <span class='ocrx_word' id='word_1_125' title='bbox 2041 1129 2112 1171; x_wconf 79' lang='lat'><strong>62.</strong></span> 
     </span>
    </p>
   </div>
   <div class='ocr_carea' id='block_1_4' title="bbox 390 1196 2186 1254">
    <p class='ocr_par' dir='ltr' id='par_1_7' title="bbox 390 1184 2242 1254">
     <span class='ocr_line' id='line_1_15' title="bbox 390 1196 2186 1254; baseline -0.003 -12"><span class='ocrx_word' id='word_1_126' title='bbox 390 1200 570 1242; x_wconf 83' lang='lat' dir='ltr'><strong>Athenis</strong></span> <span class='ocrx_word' id='word_1_127' title='bbox 592 1205 786 1242; x_wconf 89' lang='lat' dir='ltr'><strong>moratur</strong></span> <span class='ocrx_word' id='word_1_128' title='bbox 805 1198 951 1254; x_wconf 87' lang='lat' dir='ltr'><strong>ibique</strong></span> <span class='ocrx_word' id='word_1_129' title='bbox 972 1199 1017 1239; x_wconf 93' lang='lat' dir='ltr'><strong>in</strong></span> <span class='ocrx_word' id='word_1_130' title='bbox 1040 1198 1271 1240; x_wconf 83' lang='lat' dir='ltr'><strong>amicitiam</strong></span> <span class='ocrx_word' id='word_1_131' title='bbox 1293 1196 1468 1254; x_wconf 90' lang='lat' dir='ltr'><strong>Apuleii</strong></span> <span class='ocrx_word' id='word_1_132' title='bbox 1491 1198 1690 1253; x_wconf 88' lang='lat' dir='ltr'><strong>pervenit</strong></span> <span class='ocrx_word' id='word_1_133' title='bbox 1706 1197 1763 1239; x_wconf 78' lang='lat' dir='ltr'><strong>ib.</strong></span> <span class='ocrx_word' id='word_1_134' title='bbox 1785 1210 1819 1239; x_wconf 79' lang='lat' dir='ltr'><strong>c.</strong></span> <span class='ocrx_word' id='word_1_135' title='bbox 1839 1199 1906 1240; x_wconf 83' lang='grc'><strong>72.</strong></span> <span class='ocrx_word' id='word_1_136' title='bbox 1958 1196 2116 1241; x_wconf 80' lang='lat' dir='ltr'><strong>Postea</strong></span> <span class='ocrx_word' id='word_1_137' title='bbox 2183 1215 2186 1216; x_wconf 41' lang='lat'><em>⁷</em></span> 
     </span>
    </p>
   </div>
   <div class='ocr_carea' id='block_1_5' title="bbox 389 1264 2117 1394">
    <p class='ocr_par' dir='ltr' id='par_1_8' title="bbox 389 1264 2117 1394">
     <span class='ocr_line' id='line_1_16' title="bbox 389 1264 2117 1322; baseline -0.003 -11"><span class='ocrx_word' id='word_1_138' title='bbox 389 1270 551 1311; x_wconf 90' lang='lat' dir='ltr'><strong>Romae</strong></span> <span class='ocrx_word' id='word_1_139' title='bbox 582 1267 767 1322; x_wconf 84' lang='lat' dir='ltr'><strong>degebat</strong></span> <span class='ocrx_word' id='word_1_140' title='bbox 797 1281 828 1309; x_wconf 80' lang='lat' dir='ltr'><strong>c.</strong></span> <span class='ocrx_word' id='word_1_141' title='bbox 862 1270 927 1311; x_wconf 88' lang='lat'><strong>69.</strong></span> <span class='ocrx_word' id='word_1_142' title='bbox 958 1270 1026 1310; x_wconf 82' lang='lat'><strong>70.</strong></span> <span class='ocrx_word' id='word_1_143' title='bbox 1086 1267 1225 1309; x_wconf 88' lang='lat' dir='ltr'><strong>Roma</strong></span> <span class='ocrx_word' id='word_1_144' title='bbox 1254 1265 1391 1309; x_wconf 88' lang='lat' dir='ltr'><strong>Oeam</strong></span> <span class='ocrx_word' id='word_1_145' title='bbox 1428 1265 1649 1322; x_wconf 88' lang='lat' dir='ltr'><strong>profectus</strong></span> <span class='ocrx_word' id='word_1_146' title='bbox 1689 1266 1863 1321; x_wconf 83' lang='lat' dir='ltr'><strong>nuptias</strong></span> <span class='ocrx_word' id='word_1_147' title='bbox 1893 1264 2043 1307; x_wconf 85' lang='lat' dir='ltr'><strong>matris</strong></span> <span class='ocrx_word' id='word_1_148' title='bbox 2074 1269 2117 1306; x_wconf 86' lang='lat' dir='ltr'><strong>et</strong></span> 
     </span>
     <span class='ocr_line' id='line_1_17' title="bbox 390 1332 2117 1394; baseline -0.003 -14"><span class='ocrx_word' id='word_1_149' title='bbox 390 1337 565 1394; x_wconf 86' lang='lat' dir='ltr'><strong>Apuleii</strong></span> <span class='ocrx_word' id='word_1_150' title='bbox 604 1335 852 1378; x_wconf 88' lang='lat' dir='ltr'><strong>conciliavit</strong></span> <span class='ocrx_word' id='word_1_151' title='bbox 889 1336 944 1378; x_wconf 68' lang='lat' dir='ltr'><strong>ib.</strong></span> <span class='ocrx_word' id='word_1_152' title='bbox 976 1349 1010 1377; x_wconf 81' lang='lat' dir='ltr'><strong>c.</strong></span> <span class='ocrx_word' id='word_1_153' title='bbox 1040 1338 1105 1378; x_wconf 91' lang='lat'><strong>71.</strong></span> <span class='ocrx_word' id='word_1_154' title='bbox 1137 1337 1206 1378; x_wconf 88' lang='grc'><strong>72.</strong></span> <span class='ocrx_word' id='word_1_155' title='bbox 1236 1338 1302 1377; x_wconf 87' lang='grc'><strong>73.</strong></span> <span class='ocrx_word' id='word_1_156' title='bbox 1363 1335 1556 1378; x_wconf 86' lang='lat' dir='ltr'><strong>Uxorem</strong></span> <span class='ocrx_word' id='word_1_157' title='bbox 1587 1333 1707 1376; x_wconf 90' lang='lat' dir='ltr'><strong>ducit</strong></span> <span class='ocrx_word' id='word_1_158' title='bbox 1741 1333 1874 1376; x_wconf 87' lang='lat' dir='ltr'><strong>filiam</strong></span> <span class='ocrx_word' id='word_1_159' title='bbox 1904 1332 2117 1393; x_wconf 80' lang='lat' dir='ltr'><strong>Herennii</strong></span> 
     </span>
    </p>
   </div>
   <div class='ocr_carea' id='block_1_6' title="bbox 390 1379 2242 1460">
    <p class='ocr_par' dir='ltr' id='par_1_9' title="bbox 390 1379 2242 1460">
     <span class='ocr_line' id='line_1_18' title="bbox 390 1379 2242 1460; baseline -0.001 -13"><span class='ocrx_word' id='word_1_160' title='bbox 390 1403 550 1460; x_wconf 86' lang='lat' dir='ltr'><strong>Rufini,</strong></span> <span class='ocrx_word' id='word_1_161' title='bbox 581 1405 738 1447; x_wconf 85' lang='lat' dir='ltr'><strong>exinde</strong></span> <span class='ocrx_word' id='word_1_162' title='bbox 768 1405 969 1446; x_wconf 86' lang='lat' dir='ltr'><strong>iuimicus</strong></span> <span class='ocrx_word' id='word_1_163' title='bbox 1001 1403 1176 1459; x_wconf 91' lang='lat' dir='ltr'><strong>Apuleii</strong></span> <span class='ocrx_word' id='word_1_164' title='bbox 1204 1417 1236 1446; x_wconf 78' lang='lat' dir='ltr'><strong>e.</strong></span> <span class='ocrx_word' id='word_1_165' title='bbox 1271 1406 1323 1446; x_wconf 91' lang='grc'><strong>74</strong></span> <span class='ocrx_word' id='word_1_166' title='bbox 1342 1417 1437 1457; x_wconf 71' lang='lat' dir='ltr'><strong>seq„</strong></span> <span class='ocrx_word' id='word_1_167' title='bbox 1470 1402 1545 1445; x_wconf 90' lang='lat' dir='ltr'><strong>sed</strong></span> <span class='ocrx_word' id='word_1_168' title='bbox 1576 1408 1728 1458; x_wconf 87' lang='lat' dir='ltr'><strong>postea</strong></span> <span class='ocrx_word' id='word_1_169' title='bbox 1759 1417 1859 1445; x_wconf 91' lang='lat' dir='ltr'><strong>cum</strong></span> <span class='ocrx_word' id='word_1_170' title='bbox 1888 1415 1939 1444; x_wconf 90' lang='lat' dir='ltr'><strong>eo</strong></span> <span class='ocrx_word' id='word_1_171' title='bbox 1969 1414 2117 1444; x_wconf 87' lang='lat' dir='ltr'><strong>recon·</strong></span> <span class='ocrx_word' id='word_1_172' title='bbox 2188 1435 2190 1438; x_wconf 47' lang='lat'>&gt;</span> <span class='ocrx_word' id='word_1_173' title='bbox 2240 1379 2242 1397; x_wconf 57' lang='grc' dir='ltr'>Ι</span> 
     </span>
    </p>
   </div>
   <div class='ocr_carea' id='block_1_7' title="bbox 393 1468 2119 1732">
    <p class='ocr_par' dir='ltr' id='par_1_10' title="bbox 393 1468 2119 1732">
     <span class='ocr_line' id='line_1_19' title="bbox 395 1468 2117 1527; baseline -0.003 -11"><span class='ocrx_word' id='word_1_174' title='bbox 395 1473 565 1516; x_wconf 90' lang='lat' dir='ltr'><strong>ciliatur</strong></span> <span class='ocrx_word' id='word_1_175' title='bbox 594 1487 628 1515; x_wconf 79' lang='lat' dir='ltr'><strong>e.</strong></span> <span class='ocrx_word' id='word_1_176' title='bbox 660 1477 726 1517; x_wconf 90' lang='grc'><strong>94.</strong></span> <span class='ocrx_word' id='word_1_177' title='bbox 758 1476 824 1516; x_wconf 88' lang='grc'><strong>96.</strong></span> <span class='ocrx_word' id='word_1_178' title='bbox 876 1472 1182 1527; x_wconf 82' lang='lat' dir='ltr'><strong>Carthaginem</strong></span> <span class='ocrx_word' id='word_1_179' title='bbox 1215 1471 1356 1514; x_wconf 89' lang='lat' dir='ltr'><strong>defert</strong></span> <span class='ocrx_word' id='word_1_180' title='bbox 1383 1471 1551 1514; x_wconf 85' lang='lat' dir='ltr'><strong>litteras</strong></span> <span class='ocrx_word' id='word_1_181' title='bbox 1583 1469 1755 1527; x_wconf 91' lang='lat' dir='ltr'><strong>Apuleii</strong></span> <span class='ocrx_word' id='word_1_182' title='bbox 1787 1469 1842 1512; x_wconf 90' lang='lat' dir='ltr'><strong>ad</strong></span> <span class='ocrx_word' id='word_1_183' title='bbox 1873 1468 2117 1512; x_wconf 81' lang='lat' dir='ltr'><strong>Lollianum</strong></span> 
     </span>
     <span class='ocr_line' id='line_1_20' title="bbox 393 1537 2119 1598; baseline -0.002 -14"><span class='ocrx_word' id='word_1_184' title='bbox 393 1542 572 1585; x_wconf 91' lang='lat' dir='ltr'><strong>Avitum</strong></span> <span class='ocrx_word' id='word_1_185' title='bbox 593 1540 894 1598; x_wconf 85' lang='lat' dir='ltr'><strong>proconsulem</strong></span> <span class='ocrx_word' id='word_1_186' title='bbox 917 1554 950 1583; x_wconf 82' lang='lat' dir='ltr'><strong>c.</strong></span> <span class='ocrx_word' id='word_1_187' title='bbox 973 1543 1039 1583; x_wconf 90' lang='grc'><strong>94.</strong></span> <span class='ocrx_word' id='word_1_188' title='bbox 1091 1539 1243 1582; x_wconf 89' lang='lat' dir='ltr'><strong>Paullo</strong></span> <span class='ocrx_word' id='word_1_189' title='bbox 1275 1546 1373 1595; x_wconf 89' lang='lat' dir='ltr'><strong>post</strong></span> <span class='ocrx_word' id='word_1_190' title='bbox 1403 1539 1510 1582; x_wconf 85' lang='lat' dir='ltr'><strong>obiit</strong></span> <span class='ocrx_word' id='word_1_191' title='bbox 1539 1553 1572 1581; x_wconf 82' lang='lat'><strong>0.</strong></span> <span class='ocrx_word' id='word_1_192' title='bbox 1597 1542 1667 1583; x_wconf 88' lang='grc'><strong>28.</strong></span> <span class='ocrx_word' id='word_1_193' title='bbox 1690 1542 1756 1583; x_wconf 88' lang='grc'><strong>96.</strong></span> <span class='ocrx_word' id='word_1_194' title='bbox 1778 1541 1846 1582; x_wconf 92' lang='grc'><strong>98.</strong></span> <span class='ocrx_word' id='word_1_195' title='bbox 1868 1541 1935 1581; x_wconf 92' lang='grc'><strong>99.</strong></span> <span class='ocrx_word' id='word_1_196' title='bbox 1975 1537 2119 1580; x_wconf 85' lang='lat' dir='ltr'><strong>Huius</strong></span> 
     </span>
     <span class='ocr_line' id='line_1_21' title="bbox 393 1606 2117 1666; baseline -0.002 -14"><span class='ocrx_word' id='word_1_197' title='bbox 393 1611 510 1652; x_wconf 87' lang='lat' dir='ltr'><strong>necis</strong></span> <span class='ocrx_word' id='word_1_198' title='bbox 551 1625 681 1652; x_wconf 89' lang='lat' dir='ltr'><strong>causa</strong></span> <span class='ocrx_word' id='word_1_199' title='bbox 710 1609 922 1666; x_wconf 90' lang='lat' dir='ltr'><strong>Apuleius</strong></span> <span class='ocrx_word' id='word_1_200' title='bbox 962 1609 1096 1651; x_wconf 87' lang='lat' dir='ltr'><strong>fuisse</strong></span> <span class='ocrx_word' id='word_1_201' title='bbox 1132 1608 1358 1651; x_wconf 87' lang='lat' dir='ltr'><strong>dicebatur</strong></span> <span class='ocrx_word' id='word_1_202' title='bbox 1388 1622 1421 1651; x_wconf 84' lang='lat' dir='ltr'><strong>c.</strong></span> <span class='ocrx_word' id='word_1_203' title='bbox 1449 1611 1487 1650; x_wconf 94' lang='lat'><strong>1.</strong></span> <span class='ocrx_word' id='word_1_204' title='bbox 1519 1611 1551 1651; x_wconf 91' lang='grc'><em>2</em></span> <span class='ocrx_word' id='word_1_205' title='bbox 1579 1609 1634 1661; x_wconf 81' lang='lat' dir='ltr'><strong>cf.</strong></span> <span class='ocrx_word' id='word_1_206' title='bbox 1666 1622 1698 1650; x_wconf 81' lang='lat' dir='ltr'><strong>c.</strong></span> <span class='ocrx_word' id='word_1_207' title='bbox 1725 1610 1792 1650; x_wconf 87' lang='grc'><strong>53.</strong></span> <span class='ocrx_word' id='word_1_208' title='bbox 1852 1606 2117 1654; x_wconf 83' lang='lat' dir='ltr'><strong>Memoratur</strong></span> 
     </span>
     <span class='ocr_line' id='line_1_22' title="bbox 395 1680 1104 1732; baseline -0.003 -11"><span class='ocrx_word' id='word_1_209' title='bbox 395 1680 450 1723; x_wconf 79' lang='lat' dir='ltr'><strong>ib.</strong></span> <span class='ocrx_word' id='word_1_210' title='bbox 482 1693 515 1721; x_wconf 80' lang='lat' dir='ltr'><strong>c.</strong></span> <span class='ocrx_word' id='word_1_211' title='bbox 545 1681 609 1721; x_wconf 89' lang='lat'><strong>55.</strong></span> <span class='ocrx_word' id='word_1_212' title='bbox 643 1681 696 1720; x_wconf 83' lang='lat'><strong>70</strong></span> <span class='ocrx_word' id='word_1_213' title='bbox 723 1691 804 1732; x_wconf 80' lang='lat' dir='ltr'><strong>seq.</strong></span> <span class='ocrx_word' id='word_1_214' title='bbox 837 1680 905 1720; x_wconf 97' lang='grc'><strong>81.</strong></span> <span class='ocrx_word' id='word_1_215' title='bbox 937 1681 1003 1721; x_wconf 88' lang='grc'><strong>91.</strong></span> <span class='ocrx_word' id='word_1_216' title='bbox 1036 1680 1104 1720; x_wconf 84' lang='grc'><strong>97.</strong></span> 
     </span>
    </p>
   </div>
   <div class='ocr_carea' id='block_1_8' title="bbox 311 1743 2121 1872">
    <p class='ocr_par' dir='ltr' id='par_1_11' title="bbox 311 1716 2239 1872">
     <span class='ocr_line' id='line_1_23' title="bbox 311 1743 2121 1810; baseline -0.003 -20"><span class='ocrx_word' id='word_1_217' title='bbox 311 1748 393 1791; x_wconf 86' lang='grc'><em>497</em></span> <span class='ocrx_word' id='word_1_218' title='bbox 427 1747 616 1790; x_wconf 83' lang='lat' dir='ltr'><strong>Sicinius</strong></span> <span class='ocrx_word' id='word_1_219' title='bbox 646 1746 844 1801; x_wconf 87' lang='lat' dir='ltr'><strong>Pudens,</strong></span> <span class='ocrx_word' id='word_1_220' title='bbox 877 1747 968 1788; x_wconf 90' lang='lat' dir='ltr'><strong>eius</strong></span> <span class='ocrx_word' id='word_1_221' title='bbox 1000 1747 1074 1802; x_wconf 92' lang='lat' dir='ltr'><strong>qui</strong></span> <span class='ocrx_word' id='word_1_222' title='bbox 1106 1745 1329 1802; x_wconf 89' lang='lat' dir='ltr'><strong>praecedit</strong></span> <span class='ocrx_word' id='word_1_223' title='bbox 1357 1745 1492 1787; x_wconf 86' lang='lat' dir='ltr'><strong>frater</strong></span> <span class='ocrx_word' id='word_1_224' title='bbox 1521 1745 1653 1799; x_wconf 75' lang='lat' dir='ltr'><strong>Apul.</strong></span> <span class='ocrx_word' id='word_1_225' title='bbox 1686 1743 1798 1810; x_wconf 77' lang='lat' dir='ltr'><strong>apol.</strong></span> <span class='ocrx_word' id='word_1_226' title='bbox 1829 1746 1894 1786; x_wconf 87' lang='grc'><strong>68.</strong></span> <span class='ocrx_word' id='word_1_227' title='bbox 1955 1743 2121 1799; x_wconf 80' lang='lat' dir='ltr'><strong>Togam</strong></span> 
     </span>
     <span class='ocr_line' id='line_1_24' title="bbox 395 1812 2121 1872; baseline -0.002 -14"><span class='ocrx_word' id='word_1_228' title='bbox 395 1815 562 1858; x_wconf 90' lang='lat' dir='ltr'><strong>virilem</strong></span> <span class='ocrx_word' id='word_1_229' title='bbox 593 1816 776 1872; x_wconf 88' lang='lat' dir='ltr'><strong>sumpsit</strong></span> <span class='ocrx_word' id='word_1_230' title='bbox 803 1830 853 1857; x_wconf 92' lang='lat' dir='ltr'><strong>eo</strong></span> <span class='ocrx_word' id='word_1_231' title='bbox 884 1815 954 1857; x_wconf 91' lang='lat' dir='ltr'><strong>die</strong></span> <span class='ocrx_word' id='word_1_232' title='bbox 986 1830 1070 1871; x_wconf 92' lang='lat' dir='ltr'><strong>quo</strong></span> <span class='ocrx_word' id='word_1_233' title='bbox 1106 1814 1239 1858; x_wconf 89' lang='lat' dir='ltr'><strong>frater</strong></span> <span class='ocrx_word' id='word_1_234' title='bbox 1275 1829 1456 1856; x_wconf 86' lang='lat' dir='ltr'><strong>uxorem</strong></span> <span class='ocrx_word' id='word_1_235' title='bbox 1487 1814 1614 1856; x_wconf 85' lang='lat' dir='ltr'><strong>duxit</strong></span> <span class='ocrx_word' id='word_1_236' title='bbox 1646 1814 1702 1857; x_wconf 75' lang='lat' dir='ltr'><strong>ib.</strong></span> <span class='ocrx_word' id='word_1_237' title='bbox 1736 1827 1770 1856; x_wconf 82' lang='lat' dir='ltr'><strong>c.</strong></span> <span class='ocrx_word' id='word_1_238' title='bbox 1802 1815 1859 1854; x_wconf 90' lang='grc'><strong>88</strong></span> <span class='ocrx_word' id='word_1_239' title='bbox 1892 1812 1948 1866; x_wconf 79' lang='lat' dir='ltr'><strong>cf.</strong></span> <span class='ocrx_word' id='word_1_240' title='bbox 1979 1825 2013 1854; x_wconf 84' lang='lat' dir='ltr'><strong>c.</strong></span> <span class='ocrx_word' id='word_1_241' title='bbox 2046 1814 2121 1863; x_wconf 83' lang='lat'><strong>73;</strong></span> 
     </span>
    </p>
   </div>
   <div class='ocr_carea' id='block_1_9' title="bbox 397 1879 2122 1940">
    <p class='ocr_par' dir='ltr' id='par_1_12' title="bbox 397 1879 2122 1940">
     <span class='ocr_line' id='line_1_25' title="bbox 397 1879 2122 1940; baseline -0.003 -13"><span class='ocrx_word' id='word_1_242' title='bbox 397 1886 519 1927; x_wconf 91' lang='lat' dir='ltr'><strong>cuius</strong></span> <span class='ocrx_word' id='word_1_243' title='bbox 550 1885 611 1926; x_wconf 90' lang='lat' dir='ltr'><strong>rei</strong></span> <span class='ocrx_word' id='word_1_244' title='bbox 643 1899 773 1926; x_wconf 90' lang='lat' dir='ltr'><strong>causa</strong></span> <span class='ocrx_word' id='word_1_245' title='bbox 803 1890 942 1926; x_wconf 91' lang='lat' dir='ltr'><strong>mater</strong></span> <span class='ocrx_word' id='word_1_246' title='bbox 972 1884 1064 1925; x_wconf 93' lang='lat' dir='ltr'><strong>eius</strong></span> <span class='ocrx_word' id='word_1_247' title='bbox 1094 1884 1268 1940; x_wconf 89' lang='lat' dir='ltr'><strong>nuptias</strong></span> <span class='ocrx_word' id='word_1_248' title='bbox 1299 1898 1397 1925; x_wconf 92' lang='lat' dir='ltr'><strong>cum</strong></span> <span class='ocrx_word' id='word_1_249' title='bbox 1428 1882 1614 1939; x_wconf 92' lang='lat' dir='ltr'><strong>Apuleio</strong></span> <span class='ocrx_word' id='word_1_250' title='bbox 1646 1880 1872 1924; x_wconf 86' lang='lat' dir='ltr'><strong>distulerat</strong></span> <span class='ocrx_word' id='word_1_251' title='bbox 1902 1881 1960 1924; x_wconf 76' lang='lat' dir='ltr'><strong>ib.</strong></span> <span class='ocrx_word' id='word_1_252' title='bbox 2015 1879 2122 1922; x_wconf 85' lang='lat' dir='ltr'><strong>Eius</strong></span> 
     </span>
    </p>
   </div>
   <div class='ocr_carea' id='block_1_10' title="bbox 397 1948 2231 2009">
    <p class='ocr_par' dir='ltr' id='par_1_13' title="bbox 397 1948 2234 2009">
     <span class='ocr_line' id='line_1_26' title="bbox 397 1948 2231 2009; baseline -0.003 -14"><span class='ocrx_word' id='word_1_253' title='bbox 397 1954 568 1995; x_wconf 89' lang='lat' dir='ltr'><strong>nomine</strong></span> <span class='ocrx_word' id='word_1_254' title='bbox 591 1952 780 1995; x_wconf 89' lang='lat' dir='ltr'><strong>Sicinius</strong></span> <span class='ocrx_word' id='word_1_255' title='bbox 801 1951 1072 1995; x_wconf 87' lang='lat' dir='ltr'><strong>Aemilianus</strong></span> <span class='ocrx_word' id='word_1_256' title='bbox 1093 1959 1275 2009; x_wconf 89' lang='lat' dir='ltr'><strong>patruus</strong></span> <span class='ocrx_word' id='word_1_257' title='bbox 1297 1951 1530 2008; x_wconf 90' lang='lat' dir='ltr'><strong>Apuleium</strong></span> <span class='ocrx_word' id='word_1_258' title='bbox 1552 1952 1656 1994; x_wconf 88' lang='lat' dir='ltr'><strong>artis</strong></span> <span class='ocrx_word' id='word_1_259' title='bbox 1677 1950 1872 2005; x_wconf 84' lang='lat' dir='ltr'><strong>magicae</strong></span> <span class='ocrx_word' id='word_1_260' title='bbox 1901 1948 2121 1991; x_wconf 80' lang='lat' dir='ltr'><strong>accusavit</strong></span> <span class='ocrx_word' id='word_1_261' title='bbox 2206 1957 2231 2002; x_wconf 63' lang='lat' dir='ltr'><em>f</em></span> 
     </span>
    </p>
   </div>
   <div class='ocr_carea' id='block_1_11' title="bbox 326 2019 1791 2140">
    <p class='ocr_par' dir='ltr' id='par_1_14' title="bbox 326 2019 1791 2140">
     <span class='ocr_line' id='line_1_27' title="bbox 398 2019 1791 2076; baseline -0.004 -11"><span class='ocrx_word' id='word_1_262' title='bbox 398 2023 454 2065; x_wconf 79' lang='lat' dir='ltr'><strong>ib.</strong></span> <span class='ocrx_word' id='word_1_263' title='bbox 487 2036 519 2066; x_wconf 80' lang='lat' dir='ltr'><strong>e.</strong></span> <span class='ocrx_word' id='word_1_264' title='bbox 551 2026 595 2065; x_wconf 85' lang='grc'><strong>2.</strong></span> <span class='ocrx_word' id='word_1_265' title='bbox 626 2024 697 2066; x_wconf 90' lang='grc'><em>28.</em></span> <span class='ocrx_word' id='word_1_266' title='bbox 728 2024 781 2064; x_wconf 91' lang='grc'><strong>45</strong></span> <span class='ocrx_word' id='word_1_267' title='bbox 818 2021 1100 2076; x_wconf 88' lang='lat' dir='ltr'><strong>(memoratur</strong></span> <span class='ocrx_word' id='word_1_268' title='bbox 1129 2021 1185 2063; x_wconf 71' lang='lat' dir='ltr'><strong>ib.</strong></span> <span class='ocrx_word' id='word_1_269' title='bbox 1219 2034 1252 2063; x_wconf 78' lang='grc' dir='ltr'><strong>ο.</strong></span> <span class='ocrx_word' id='word_1_270' title='bbox 1283 2024 1350 2063; x_wconf 90' lang='grc'><em>41.</em></span> <span class='ocrx_word' id='word_1_271' title='bbox 1382 2023 1448 2063; x_wconf 92' lang='grc'><em>91.</em></span> <span class='ocrx_word' id='word_1_272' title='bbox 1479 2022 1545 2064; x_wconf 90' lang='grc'><strong>98.</strong></span> <span class='ocrx_word' id='word_1_273' title='bbox 1577 2022 1644 2062; x_wconf 90' lang='grc'><em>99.</em></span> <span class='ocrx_word' id='word_1_274' title='bbox 1675 2019 1791 2074; x_wconf 91' lang='grc'><em>100).</em></span> 
     </span>
     <span class='ocr_line' id='line_1_28' title="bbox 326 2095 1370 2140; baseline -0.001 -8"><span class='ocrx_word' id='word_1_275' title='bbox 326 2116 383 2121; x_wconf 97' lang='lat'>—</span> <span class='ocrx_word' id='word_1_276' title='bbox 427 2097 490 2133; x_wconf 92' lang='lat' dir='ltr'><strong>TI.</strong></span> <span class='ocrx_word' id='word_1_277' title='bbox 521 2096 774 2131; x_wconf 84' lang='lat' dir='ltr'><strong>ALLIENVS</strong></span> <span class='ocrx_word' id='word_1_278' title='bbox 807 2095 1017 2131; x_wconf 83' lang='lat' dir='ltr'>SICINIVS</span> <span class='ocrx_word' id='word_1_279' title='bbox 1050 2095 1370 2140; x_wconf 79' lang='lat' dir='ltr'><strong>QVINTIANVS.</strong></span> 
     </span>
    </p>
   </div>
   <div class='ocr_carea' id='block_1_12' title="bbox 317 2155 2231 2363">
    <p class='ocr_par' dir='ltr' id='par_1_15' title="bbox 317 2121 2231 2363">
     <span class='ocr_line' id='line_1_29' title="bbox 317 2155 2126 2213; baseline -0.002 -12"><span class='ocrx_word' id='word_1_280' title='bbox 317 2159 399 2201; x_wconf 83' lang='lat'><strong>498</strong></span> <span class='ocrx_word' id='word_1_281' title='bbox 432 2158 602 2202; x_wconf 87' lang='lat' dir='ltr'><strong>Siculus</strong></span> <span class='ocrx_word' id='word_1_282' title='bbox 623 2157 806 2200; x_wconf 89' lang='lat' dir='ltr'><strong>Flaccus</strong></span> <span class='ocrx_word' id='word_1_283' title='bbox 829 2157 1044 2213; x_wconf 76' lang='lat' dir='ltr'><strong>(traditur,</strong></span> <span class='ocrx_word' id='word_1_284' title='bbox 1069 2170 1169 2200; x_wconf 79' lang='lat' dir='ltr'><strong>casa</strong></span> <span class='ocrx_word' id='word_1_285' title='bbox 1187 2156 1380 2207; x_wconf 74' lang='lat' dir='ltr'><strong>secando,</strong></span> <span class='ocrx_word' id='word_1_286' title='bbox 1404 2155 1574 2199; x_wconf 90' lang='lat' dir='ltr'><strong>Saeculi</strong></span> <span class='ocrx_word' id='word_1_287' title='bbox 1596 2155 1754 2209; x_wconf 87' lang='lat' dir='ltr'><strong>Flacci,</strong></span> <span class='ocrx_word' id='word_1_288' title='bbox 1785 2158 1835 2197; x_wconf 80' lang='lat' dir='ltr'><strong>at</strong></span> <span class='ocrx_word' id='word_1_289' title='bbox 1855 2156 1998 2209; x_wconf 74' lang='lat' dir='ltr'><strong>possis</strong></span> <span class='ocrx_word' id='word_1_290' title='bbox 2017 2156 2126 2210; x_wconf 77' lang='lat' dir='ltr'><strong>coyi-</strong></span> 
     </span>
     <span class='ocr_line' id='line_1_30' title="bbox 348 2224 2222 2282; baseline -0.003 -13"><span class='ocrx_word' id='word_1_291' title='bbox 348 2238 356 2240; x_wconf 76' lang='grc'><em>“</em></span> <span class='ocrx_word' id='word_1_292' title='bbox 402 2230 493 2269; x_wconf 83' lang='lat' dir='ltr'><strong>tare</strong></span> <span class='ocrx_word' id='word_1_293' title='bbox 524 2228 650 2269; x_wconf 79' lang='lat' dir='ltr'><strong>etiam</strong></span> <span class='ocrx_word' id='word_1_294' title='bbox 682 2226 731 2269; x_wconf 79' lang='lat' dir='ltr'><strong>de</strong></span> <span class='ocrx_word' id='word_1_295' title='bbox 762 2226 964 2282; x_wconf 74' lang='lat' dir='ltr'><strong>Seyalio),</strong></span> <span class='ocrx_word' id='word_1_296' title='bbox 1006 2227 1080 2282; x_wconf 91' lang='lat' dir='ltr'><strong>qui</strong></span> <span class='ocrx_word' id='word_1_297' title='bbox 1119 2226 1291 2281; x_wconf 89' lang='lat' dir='ltr'><strong>scripsit</strong></span> <span class='ocrx_word' id='word_1_298' title='bbox 1331 2225 1385 2267; x_wconf 90' lang='lat' dir='ltr'><strong>de</strong></span> <span class='ocrx_word' id='word_1_299' title='bbox 1425 2224 1751 2266; x_wconf 87' lang='lat' dir='ltr'><strong>condicionibus</strong></span> <span class='ocrx_word' id='word_1_300' title='bbox 1781 2237 1987 2278; x_wconf 87' lang='lat' dir='ltr'><strong>agrorum</strong></span> <span class='ocrx_word' id='word_1_301' title='bbox 2015 2236 2128 2280; x_wconf 81' lang='lat' dir='ltr'><strong>quae</strong></span> <span class='ocrx_word' id='word_1_302' title='bbox 2205 2238 2222 2278; x_wconf 51' lang='grc' dir='ltr'><strong>ς.</strong></span> 
     </span>
     <span class='ocr_line' id='line_1_31' title="bbox 403 2289 2231 2363; baseline -0.003 -26"><span class='ocrx_word' id='word_1_303' title='bbox 403 2302 552 2338; x_wconf 86' lang='lat' dir='ltr'><strong>extant</strong></span> <span class='ocrx_word' id='word_1_304' title='bbox 589 2295 825 2349; x_wconf 75' lang='lat' dir='ltr'><strong>Scriptores</strong></span> <span class='ocrx_word' id='word_1_305' title='bbox 861 2296 1090 2350; x_wconf 73' lang='lat' dir='ltr'><strong>yromatici</strong></span> <span class='ocrx_word' id='word_1_306' title='bbox 1128 2294 1190 2337; x_wconf 81' lang='lat' dir='ltr'><strong>ed.</strong></span> <span class='ocrx_word' id='word_1_307' title='bbox 1222 2293 1474 2336; x_wconf 76' lang='lat' dir='ltr'><strong>Lachmann</strong></span> <span class='ocrx_word' id='word_1_308' title='bbox 1503 2296 1542 2343; x_wconf 89' lang='lat'><strong>1,</strong></span> <span class='ocrx_word' id='word_1_309' title='bbox 1574 2295 1654 2335; x_wconf 88' lang='grc'><strong>134</strong></span> <span class='ocrx_word' id='word_1_310' title='bbox 1674 2306 1755 2345; x_wconf 82' lang='lat' dir='ltr'><strong>seq.</strong></span> <span class='ocrx_word' id='word_1_311' title='bbox 1829 2291 2013 2347; x_wconf 87' lang='lat' dir='ltr'><strong>Scripsit</strong></span> <span class='ocrx_word' id='word_1_312' title='bbox 2051 2289 2127 2333; x_wconf 85' lang='lat' dir='ltr'><strong>ali·</strong></span> <span class='ocrx_word' id='word_1_313' title='bbox 2197 2295 2231 2363; x_wconf 15' lang='grc' dir='ltr'><strong>’ἐξ</strong></span> 
     </span>
    </p>
   </div>
   <div class='ocr_carea' id='block_1_13' title="bbox 331 2363 1383 2486">
    <p class='ocr_par' dir='ltr' id='par_1_16' title="bbox 331 2363 1383 2486">
     <span class='ocr_line' id='line_1_32' title="bbox 403 2363 1383 2419; baseline -0.001 -14"><span class='ocrx_word' id='word_1_314' title='bbox 403 2371 565 2419; x_wconf 87' lang='lat' dir='ltr'><strong>quanto</strong></span> <span class='ocrx_word' id='word_1_315' title='bbox 597 2370 694 2419; x_wconf 92' lang='lat' dir='ltr'><strong>post</strong></span> <span class='ocrx_word' id='word_1_316' title='bbox 723 2364 1022 2405; x_wconf 90' lang='lat' dir='ltr'><strong>Domitianum</strong></span> <span class='ocrx_word' id='word_1_317' title='bbox 1053 2363 1110 2406; x_wconf 76' lang='lat' dir='ltr'><strong>ib.</strong></span> <span class='ocrx_word' id='word_1_318' title='bbox 1134 2377 1181 2417; x_wconf 75' lang='lat' dir='ltr'><strong>p.</strong></span> <span class='ocrx_word' id='word_1_319' title='bbox 1204 2365 1295 2412; x_wconf 89' lang='grc'><em>163,</em></span> <span class='ocrx_word' id='word_1_320' title='bbox 1318 2365 1383 2404; x_wconf 87' lang='grc'><em>13.</em></span> 
     </span>
     <span class='ocr_line' id='line_1_33' title="bbox 331 2432 1032 2486; baseline 0.003 -13"><span class='ocrx_word' id='word_1_321' title='bbox 331 2457 387 2461; x_wconf 91' lang='grc'>-</span> <span class='ocrx_word' id='word_1_322' title='bbox 430 2438 483 2476; x_wconf 89' lang='lat' dir='ltr'><strong>M.</strong></span> <span class='ocrx_word' id='word_1_323' title='bbox 514 2432 782 2486; x_wconf 66' lang='lat' dir='ltr'>METILUVS]</span> <span class='ocrx_word' id='word_1_324' title='bbox 817 2438 1032 2476; x_wconf 78' lang='lat' dir='ltr'><strong>smVLVS.</strong></span> 
     </span>
    </p>
   </div>
   <div class='ocr_carea' id='block_1_14' title="bbox 319 2494 2228 2691">
    <p class='ocr_par' dir='ltr' id='par_1_17' title="bbox 319 2465 2229 2691">
     <span class='ocr_line' id='line_1_34' title="bbox 319 2494 2130 2554; baseline -0.002 -13"><span class='ocrx_word' id='word_1_325' title='bbox 319 2500 402 2541; x_wconf 86' lang='lat'><strong>499</strong></span> <span class='ocrx_word' id='word_1_326' title='bbox 435 2499 550 2554; x_wconf 91' lang='lat' dir='ltr'><strong>Sido,</strong></span> <span class='ocrx_word' id='word_1_327' title='bbox 574 2515 661 2541; x_wconf 89' lang='lat' dir='ltr'><strong>una</strong></span> <span class='ocrx_word' id='word_1_328' title='bbox 681 2515 780 2542; x_wconf 92' lang='lat' dir='ltr'><strong>cum</strong></span> <span class='ocrx_word' id='word_1_329' title='bbox 795 2501 1024 2554; x_wconf 90' lang='lat' dir='ltr'><strong>Vangione</strong></span> <span class='ocrx_word' id='word_1_330' title='bbox 1045 2500 1179 2542; x_wconf 78' lang='lat' dir='ltr'><strong>fratre</strong></span> <span class='ocrx_word' id='word_1_331' title='bbox 1194 2499 1415 2542; x_wconf 89' lang='lat' dir='ltr'><strong>Vannium</strong></span> <span class='ocrx_word' id='word_1_332' title='bbox 1441 2497 1704 2540; x_wconf 88' lang='lat' dir='ltr'><strong>avunculum</strong></span> <span class='ocrx_word' id='word_1_333' title='bbox 1727 2511 1860 2552; x_wconf 90' lang='lat' dir='ltr'><strong>regno</strong></span> <span class='ocrx_word' id='word_1_334' title='bbox 1884 2494 2130 2540; x_wconf 89' lang='lat' dir='ltr'><strong>Sueborum</strong></span> 
     </span>
     <span class='ocr_line' id='line_1_35' title="bbox 405 2563 2228 2624; baseline -0.001 -16"><span class='ocrx_word' id='word_1_335' title='bbox 405 2566 537 2622; x_wconf 91' lang='lat' dir='ltr'><strong>pellit,</strong></span> <span class='ocrx_word' id='word_1_336' title='bbox 567 2583 602 2609; x_wconf 93' lang='lat' dir='ltr'><strong>a.</strong></span> <span class='ocrx_word' id='word_1_337' title='bbox 627 2569 680 2610; x_wconf 87' lang='grc'><strong>50</strong></span> <span class='ocrx_word' id='word_1_338' title='bbox 718 2569 815 2610; x_wconf 83' lang='lat' dir='ltr'><strong>Tac.</strong></span> <span class='ocrx_word' id='word_1_339' title='bbox 839 2582 878 2610; x_wconf 87' lang='lat' dir='ltr'><strong>a.</strong></span> <span class='ocrx_word' id='word_1_340' title='bbox 903 2572 972 2619; x_wconf 87' lang='grc'><em>12,</em></span> <span class='ocrx_word' id='word_1_341' title='bbox 995 2572 1068 2611; x_wconf 89' lang='grc'><strong>29.</strong></span> <span class='ocrx_word' id='word_1_342' title='bbox 1089 2571 1156 2611; x_wconf 86' lang='grc'><strong>30.</strong></span> <span class='ocrx_word' id='word_1_343' title='bbox 1218 2567 1270 2609; x_wconf 90' lang='lat' dir='ltr'><strong>A.</strong></span> <span class='ocrx_word' id='word_1_344' title='bbox 1302 2567 1356 2609; x_wconf 83' lang='lat'><strong>69</strong></span> <span class='ocrx_word' id='word_1_345' title='bbox 1388 2582 1413 2608; x_wconf 88' lang='lat' dir='ltr'><strong>a</strong></span> <span class='ocrx_word' id='word_1_346' title='bbox 1443 2565 1630 2608; x_wconf 88' lang='lat' dir='ltr'><strong>ducibus</strong></span> <span class='ocrx_word' id='word_1_347' title='bbox 1661 2564 1882 2607; x_wconf 85' lang='lat' dir='ltr'><strong>Flavianis</strong></span> <span class='ocrx_word' id='word_1_348' title='bbox 1908 2565 1954 2606; x_wconf 91' lang='lat' dir='ltr'><strong>in</strong></span> <span class='ocrx_word' id='word_1_349' title='bbox 1983 2570 2128 2621; x_wconf 80' lang='lat' dir='ltr'><strong>partes</strong></span> <span class='ocrx_word' id='word_1_350' title='bbox 2174 2563 2228 2624; x_wconf 22' lang='lat'><strong>,⁴35³</strong></span> 
     </span>
     <span class='ocr_line' id='line_1_36' title="bbox 406 2631 2128 2691; baseline 0 -15"><span class='ocrx_word' id='word_1_351' title='bbox 406 2635 656 2690; x_wconf 86' lang='lat' dir='ltr'><strong>adsumptus</strong></span> <span class='ocrx_word' id='word_1_352' title='bbox 684 2636 781 2677; x_wconf 82' lang='lat' dir='ltr'><strong>Tae.</strong></span> <span class='ocrx_word' id='word_1_353' title='bbox 811 2635 851 2678; x_wconf 76' lang='lat' dir='ltr'><strong>h.</strong></span> <span class='ocrx_word' id='word_1_354' title='bbox 884 2639 924 2686; x_wconf 80' lang='lat'><strong>3,</strong></span> <span class='ocrx_word' id='word_1_355' title='bbox 955 2638 993 2678; x_wconf 92' lang='grc'><strong>5.</strong></span> <span class='ocrx_word' id='word_1_356' title='bbox 1039 2636 1091 2678; x_wconf 90' lang='lat' dir='ltr'><strong>In</strong></span> <span class='ocrx_word' id='word_1_357' title='bbox 1122 2634 1285 2691; x_wconf 88' lang='lat' dir='ltr'><strong>proelio</strong></span> <span class='ocrx_word' id='word_1_358' title='bbox 1317 2633 1597 2677; x_wconf 79' lang='lat' dir='ltr'><strong>Cremonensi</strong></span> <span class='ocrx_word' id='word_1_359' title='bbox 1628 2639 1794 2690; x_wconf 89' lang='lat' dir='ltr'><strong>pugnat</strong></span> <span class='ocrx_word' id='word_1_360' title='bbox 1823 2639 1974 2675; x_wconf 84' lang='lat' dir='ltr'><strong>contra</strong></span> <span class='ocrx_word' id='word_1_361' title='bbox 1996 2631 2128 2676; x_wconf 80' lang='lat' dir='ltr'><strong>Vitel-</strong></span> 
     </span>
    </p>
   </div>
   <div class='ocr_carea' id='block_1_15' title="bbox 323 2703 2132 2829">
    <p class='ocr_par' dir='ltr' id='par_1_18' title="bbox 323 2703 2225 2829">
     <span class='ocr_line' id='line_1_37' title="bbox 406 2703 795 2746; baseline -0.002 -2"><span class='ocrx_word' id='word_1_362' title='bbox 406 2703 541 2744; x_wconf 90' lang='lat' dir='ltr'><strong>lianos</strong></span> <span class='ocrx_word' id='word_1_363' title='bbox 571 2704 627 2745; x_wconf 72' lang='lat' dir='ltr'><strong>ib.</strong></span> <span class='ocrx_word' id='word_1_364' title='bbox 660 2717 693 2745; x_wconf 81' lang='lat' dir='ltr'><strong>c.</strong></span> <span class='ocrx_word' id='word_1_365' title='bbox 725 2707 795 2746; x_wconf 85' lang='grc'><strong>21.</strong></span> 
     </span>
     <span class='ocr_line' id='line_1_38' title="bbox 323 2769 2132 2829; baseline 0.001 -16"><span class='ocrx_word' id='word_1_366' title='bbox 323 2772 406 2813; x_wconf 84' lang='lat'><strong>500</strong></span> <span class='ocrx_word' id='word_1_367' title='bbox 439 2771 615 2825; x_wconf 80' lang='lat' dir='ltr'><strong>Sigerus</strong></span> <span class='ocrx_word' id='word_1_368' title='bbox 657 2772 840 2829; x_wconf 64' lang='grc' dir='ltr'>(Σιγηρός</span> <span class='ocrx_word' id='word_1_369' title='bbox 871 2772 972 2823; x_wconf 68' lang='lat' dir='ltr'><strong><em>Dio,</em></strong></span> <span class='ocrx_word' id='word_1_370' title='bbox 1005 2773 1136 2823; x_wconf 70' lang='grc' dir='ltr'><em>Ζοη.,-</em></span> <span class='ocrx_word' id='word_1_371' title='bbox 1180 2772 1375 2826; x_wconf 77' lang='lat' dir='ltr'><strong>sigerius</strong></span> <span class='ocrx_word' id='word_1_372' title='bbox 1417 2771 1527 2815; x_wconf 70' lang='lat' dir='ltr'><strong>trad.</strong></span> <span class='ocrx_word' id='word_1_373' title='bbox 1566 2785 1634 2825; x_wconf 72' lang='lat' dir='ltr'><strong>ap.</strong></span> <span class='ocrx_word' id='word_1_374' title='bbox 1668 2770 1806 2812; x_wconf 75' lang='lat' dir='ltr'><strong>Mart.</strong></span> <span class='ocrx_word' id='word_1_375' title='bbox 1849 2772 1889 2812; x_wconf 76' lang='lat' dir='ltr'><strong>et</strong></span> <span class='ocrx_word' id='word_1_376' title='bbox 1932 2769 2132 2821; x_wconf 73' lang='lat' dir='ltr'><strong>Tertuzz.,·</strong></span> 
     </span>
    </p>
   </div>
   <div class='ocr_carea' id='block_1_16' title="bbox 410 2836 2219 3100">
    <p class='ocr_par' dir='ltr' id='par_1_19' title="bbox 410 2830 2223 3100">
     <span class='ocr_line' id='line_1_39' title="bbox 410 2836 2130 2893; baseline 0.001 -14"><span class='ocrx_word' id='word_1_377' title='bbox 410 2839 539 2880; x_wconf 78' lang='lat' dir='ltr'><strong>Satur</strong></span> <span class='ocrx_word' id='word_1_378' title='bbox 559 2839 621 2880; x_wconf 79' lang='lat' dir='ltr'><strong>vel</strong></span> <span class='ocrx_word' id='word_1_379' title='bbox 643 2839 841 2882; x_wconf 88' lang='lat' dir='ltr'><strong>Saturius</strong></span> <span class='ocrx_word' id='word_1_380' title='bbox 864 2841 1022 2883; x_wconf 78' lang='lat' dir='ltr'><strong>codices</strong></span> <span class='ocrx_word' id='word_1_381' title='bbox 1044 2840 1239 2883; x_wconf 72' lang='lat' dir='ltr'><strong>Suetonii</strong></span> <span class='ocrx_word' id='word_1_382' title='bbox 1244 2853 1257 2890; x_wconf 91' lang='lat'><strong>,·</strong></span> <span class='ocrx_word' id='word_1_383' title='bbox 1284 2839 1358 2882; x_wconf 81' lang='lat' dir='ltr'><strong>sed</strong></span> <span class='ocrx_word' id='word_1_384' title='bbox 1384 2839 1548 2881; x_wconf 76' lang='lat' dir='ltr'><strong>videtur</strong></span> <span class='ocrx_word' id='word_1_385' title='bbox 1571 2837 1680 2880; x_wconf 75' lang='lat' dir='ltr'><strong>idem</strong></span> <span class='ocrx_word' id='word_1_386' title='bbox 1710 2837 1981 2893; x_wconf 70' lang='lat' dir='ltr'><strong>siqnificari)‚</strong></span> <span class='ocrx_word' id='word_1_387' title='bbox 2013 2836 2130 2880; x_wconf 88' lang='lat' dir='ltr'><strong>cubi·</strong></span> 
     </span>
     <span class='ocr_line' id='line_1_40' title="bbox 411 2904 2219 2964; baseline 0.001 -18"><span class='ocrx_word' id='word_1_388' title='bbox 411 2905 598 2947; x_wconf 71' lang='lat' dir='ltr'><strong>cularius</strong></span> <span class='ocrx_word' id='word_1_389' title='bbox 630 2907 866 2950; x_wconf 89' lang='lat' dir='ltr'><strong>Domitiani</strong></span> <span class='ocrx_word' id='word_1_390' title='bbox 898 2909 984 2951; x_wconf 79' lang='lat' dir='ltr'><strong>Dio</strong></span> <span class='ocrx_word' id='word_1_391' title='bbox 1015 2912 1081 2958; x_wconf 88' lang='grc'><em>67,</em></span> <span class='ocrx_word' id='word_1_392' title='bbox 1116 2911 1165 2951; x_wconf 93' lang='grc'><em>15</em></span> <span class='ocrx_word' id='word_1_393' title='bbox 1196 2906 1319 2960; x_wconf 74' lang='lat' dir='ltr'><strong><em>(Zon.</em></strong></span> <span class='ocrx_word' id='word_1_394' title='bbox 1345 2911 1410 2958; x_wconf 92' lang='lat'><strong>11,</strong></span> <span class='ocrx_word' id='word_1_395' title='bbox 1442 2909 1526 2964; x_wconf 89' lang='lat'><strong>19),</strong></span> <span class='ocrx_word' id='word_1_396' title='bbox 1559 2906 1735 2948; x_wconf 89' lang='lat' dir='ltr'><strong>decurio</strong></span> <span class='ocrx_word' id='word_1_397' title='bbox 1766 2904 2132 2949; x_wconf 86' lang='lat' dir='ltr'><strong>cubiculariorum</strong></span> <span class='ocrx_word' id='word_1_398' title='bbox 2203 2919 2219 2959; x_wconf 70' lang='lat'><strong>:²</strong></span> 
     </span>
     <span class='ocr_line' id='line_1_41' title="bbox 414 2973 2211 3030; baseline 0.001 -15"><span class='ocrx_word' id='word_1_399' title='bbox 414 2974 529 3016; x_wconf 76' lang='lat' dir='ltr'><strong>Suet.</strong></span> <span class='ocrx_word' id='word_1_400' title='bbox 557 2973 681 3015; x_wconf 80' lang='lat' dir='ltr'><strong>Dom.</strong></span> <span class='ocrx_word' id='word_1_401' title='bbox 710 2978 766 3016; x_wconf 94' lang='grc'><em>17</em></span> <span class='ocrx_word' id='word_1_402' title='bbox 791 2976 895 3029; x_wconf 89' lang='lat' dir='ltr'><strong>(una</strong></span> <span class='ocrx_word' id='word_1_403' title='bbox 926 2991 1024 3018; x_wconf 92' lang='lat' dir='ltr'><strong>cum</strong></span> <span class='ocrx_word' id='word_1_404' title='bbox 1054 2976 1288 3018; x_wconf 88' lang='lat' dir='ltr'><strong>Parthenio</strong></span> <span class='ocrx_word' id='word_1_405' title='bbox 1320 2974 1585 3018; x_wconf 90' lang='lat' dir='ltr'><strong>cubiculario</strong></span> <span class='ocrx_word' id='word_1_406' title='bbox 1617 2974 1855 3016; x_wconf 90' lang='lat' dir='ltr'><strong>Domitiani</strong></span> <span class='ocrx_word' id='word_1_407' title='bbox 1885 2973 2134 3016; x_wconf 85' lang='lat' dir='ltr'><strong>nominatur</strong></span> <span class='ocrx_word' id='word_1_408' title='bbox 2164 2979 2211 3030; x_wconf 64' lang='lat' dir='ltr'><strong>js</strong></span> 
     </span>
     <span class='ocr_line' id='line_1_42' title="bbox 416 3040 2132 3100; baseline 0.002 -18"><span class='ocrx_word' id='word_1_409' title='bbox 416 3041 612 3083; x_wconf 75' lang='lat' dir='ltr'><strong>Martial.</strong></span> <span class='ocrx_word' id='word_1_410' title='bbox 643 3046 681 3092; x_wconf 89' lang='grc'><em>4,</em></span> <span class='ocrx_word' id='word_1_411' title='bbox 716 3045 779 3093; x_wconf 91' lang='grc'><strong>78,</strong></span> <span class='ocrx_word' id='word_1_412' title='bbox 812 3045 869 3097; x_wconf 92' lang='grc'><strong>8).</strong></span> <span class='ocrx_word' id='word_1_413' title='bbox 922 3045 1146 3100; x_wconf 69' lang='lat' dir='ltr'><strong>Pal-ticeps</strong></span> <span class='ocrx_word' id='word_1_414' title='bbox 1177 3044 1484 3086; x_wconf 87' lang='lat' dir='ltr'><strong>coniurationis</strong></span> <span class='ocrx_word' id='word_1_415' title='bbox 1515 3044 1559 3084; x_wconf 89' lang='lat' dir='ltr'><strong>in</strong></span> <span class='ocrx_word' id='word_1_416' title='bbox 1589 3042 1888 3085; x_wconf 90' lang='lat' dir='ltr'><strong>Domitianum</strong></span> <span class='ocrx_word' id='word_1_417' title='bbox 1910 3040 1998 3084; x_wconf 69' lang='lat' dir='ltr'><strong>Dio</strong></span> <span class='ocrx_word' id='word_1_418' title='bbox 2029 3041 2056 3084; x_wconf 85' lang='lat' dir='ltr'><strong>l.</strong></span> <span class='ocrx_word' id='word_1_419' title='bbox 2083 3055 2132 3099; x_wconf 73' lang='grc'><strong>6.,</strong></span> 
     </span>
    </p>
   </div>
   <div class='ocr_carea' id='block_1_17' title="bbox 417 3109 2133 3167">
    <p class='ocr_par' dir='ltr' id='par_1_20' title="bbox 417 3097 2200 3167">
     <span class='ocr_line' id='line_1_43' title="bbox 417 3109 2133 3167; baseline 0.002 -17"><span class='ocrx_word' id='word_1_420' title='bbox 417 3110 708 3152; x_wconf 87' lang='lat' dir='ltr'><strong>Domitianum</strong></span> <span class='ocrx_word' id='word_1_421' title='bbox 750 3113 941 3154; x_wconf 89' lang='lat' dir='ltr'><strong>confodit</strong></span> <span class='ocrx_word' id='word_1_422' title='bbox 981 3113 1094 3156; x_wconf 77' lang='lat' dir='ltr'><strong>Suet.</strong></span> <span class='ocrx_word' id='word_1_423' title='bbox 1127 3114 1152 3157; x_wconf 83' lang='lat' dir='ltr'><strong>l.</strong></span> <span class='ocrx_word' id='word_1_424' title='bbox 1185 3126 1244 3164; x_wconf 80' lang='lat' dir='ltr'><strong>c.;</strong></span> <span class='ocrx_word' id='word_1_425' title='bbox 1280 3119 1328 3155; x_wconf 89' lang='lat' dir='ltr'><strong>ut</strong></span> <span class='ocrx_word' id='word_1_426' title='bbox 1364 3112 1617 3155; x_wconf 87' lang='lat' dir='ltr'><strong>interfector</strong></span> <span class='ocrx_word' id='word_1_427' title='bbox 1647 3111 1919 3167; x_wconf 83' lang='lat' dir='ltr'><strong>imperatoris</strong></span> <span class='ocrx_word' id='word_1_428' title='bbox 1949 3109 2133 3154; x_wconf 76' lang='lat' dir='ltr'><strong>alicuius</strong></span> 
     </span>
    </p>
   </div>
   <div class='ocr_carea' id='block_1_18' title="bbox 410 3178 2190 3306">
    <p class='ocr_par' dir='ltr' id='par_1_21' title="bbox 410 3172 2225 3306">
     <span class='ocr_line' id='line_1_44' title="bbox 413 3178 2135 3235; baseline 0 -17"><span class='ocrx_word' id='word_1_429' title='bbox 413 3184 674 3220; x_wconf 89' lang='lat' dir='ltr'><strong>memoratur</strong></span> <span class='ocrx_word' id='word_1_430' title='bbox 719 3180 966 3223; x_wconf 75' lang='lat' dir='ltr'><strong>Tertullian.</strong></span> <span class='ocrx_word' id='word_1_431' title='bbox 1012 3182 1122 3235; x_wconf 73' lang='lat' dir='ltr'><strong>apol.</strong></span> <span class='ocrx_word' id='word_1_432' title='bbox 1162 3184 1226 3225; x_wconf 87' lang='lat'><strong>35.</strong></span> <span class='ocrx_word' id='word_1_433' title='bbox 1298 3181 1441 3223; x_wconf 74' lang='lat' dir='ltr'><strong>Huius</strong></span> <span class='ocrx_word' id='word_1_434' title='bbox 1481 3181 1664 3234; x_wconf 80' lang='lat' dir='ltr'><strong>fortasse</strong></span> <span class='ocrx_word' id='word_1_435' title='bbox 1705 3178 1936 3233; x_wconf 75' lang='lat' dir='ltr'><strong>aliquando</strong></span> <span class='ocrx_word' id='word_1_436' title='bbox 1976 3191 2135 3230; x_wconf 69' lang='lat' dir='ltr'><strong>servus,</strong></span> 
     </span>
     <span class='ocr_line' id='line_1_45' title="bbox 410 3246 2190 3306; baseline 0.001 -19"><span class='ocrx_word' id='word_1_437' title='bbox 410 3249 560 3300; x_wconf 74' lang='lat' dir='ltr'><strong>postea</strong></span> <span class='ocrx_word' id='word_1_438' title='bbox 585 3247 854 3300; x_wconf 72' lang='lat' dir='ltr'><strong>imperatoris</strong></span> <span class='ocrx_word' id='word_1_439' title='bbox 874 3250 1195 3305; x_wconf 84' lang='lat' dir='ltr'><strong>Epaphroditus</strong></span> <span class='ocrx_word' id='word_1_440' title='bbox 1218 3253 1357 3296; x_wconf 76' lang='grc' dir='ltr'>δοῦλος</span> <span class='ocrx_word' id='word_1_441' title='bbox 1379 3248 1671 3306; x_wconf 79' lang='grc' dir='ltr'>Σ(ε)ιγηριανός</span> <span class='ocrx_word' id='word_1_442' title='bbox 1687 3246 1808 3291; x_wconf 78' lang='lat' dir='ltr'><strong><em>GIG.</em></strong></span> <span class='ocrx_word' id='word_1_443' title='bbox 1826 3249 1947 3289; x_wconf 83' lang='lat'><strong><em>4713.</em></strong></span> <span class='ocrx_word' id='word_1_444' title='bbox 1969 3249 2079 3289; x_wconf 77' lang='lat'><strong>4713</strong></span> <span class='ocrx_word' id='word_1_445' title='bbox 2098 3246 2131 3300; x_wconf 79' lang='lat' dir='ltr'><strong>f.</strong></span> <span class='ocrx_word' id='word_1_446' title='bbox 2169 3258 2190 3279; x_wconf 65' lang='grc' dir='ltr'><strong>’ἑ</strong></span> 
     </span>
    </p>
   </div>
   <div class='ocr_carea' id='block_1_19' title="bbox 423 3313 2135 3371">
    <p class='ocr_par' dir='ltr' id='par_1_22' title="bbox 423 3290 2215 3382">
     <span class='ocr_line' id='line_1_46' title="bbox 423 3313 2135 3371; baseline 0.001 -15"><span class='ocrx_word' id='word_1_447' title='bbox 423 3313 488 3367; x_wconf 80' lang='lat' dir='ltr'><strong>Cf.</strong></span> <span class='ocrx_word' id='word_1_448' title='bbox 519 3313 805 3357; x_wconf 75' lang='lat' dir='ltr'><strong>Friedlarcder</strong></span> <span class='ocrx_word' id='word_1_449' title='bbox 837 3315 1013 3371; x_wconf 72' lang='lat' dir='ltr'><strong>Sitteny.</strong></span> <span class='ocrx_word' id='word_1_450' title='bbox 1045 3318 1076 3359; x_wconf 90' lang='lat' dir='ltr'><em>I</em></span> <span class='ocrx_word' id='word_1_451' title='bbox 1081 3319 1104 3342; x_wconf 63' lang='grc' dir='ltr'><strong>θ’</strong></span> <span class='ocrx_word' id='word_1_452' title='bbox 1120 3332 1168 3371; x_wconf 74' lang='lat' dir='ltr'><strong>p.</strong></span> <span class='ocrx_word' id='word_1_453' title='bbox 1192 3321 1271 3359; x_wconf 88' lang='lat'><strong>116</strong></span> <span class='ocrx_word' id='word_1_454' title='bbox 1299 3321 1384 3360; x_wconf 75' lang='lat' dir='ltr'><strong>rtot.</strong></span> <span class='ocrx_word' id='word_1_455' title='bbox 1412 3321 1454 3360; x_wconf 89' lang='grc'><strong>2.</strong></span> <span class='ocrx_word' id='word_1_456' title='bbox 1488 3340 1544 3346; x_wconf 89' lang='grc'>-</span> <span class='ocrx_word' id='word_1_457' title='bbox 1585 3316 1724 3358; x_wconf 75' lang='lat' dir='ltr'><strong>Plane</strong></span> <span class='ocrx_word' id='word_1_458' title='bbox 1757 3315 1944 3357; x_wconf 77' lang='lat' dir='ltr'><strong>diversus</strong></span> <span class='ocrx_word' id='word_1_459' title='bbox 1974 3314 2028 3356; x_wconf 83' lang='lat' dir='ltr'><strong>ab</strong></span> <span class='ocrx_word' id='word_1_460' title='bbox 2057 3313 2135 3356; x_wconf 78' lang='lat' dir='ltr'><strong>hoc</strong></span> 
     </span>
    </p>
   </div>
   <div class='ocr_carea' id='block_1_20' title="bbox 2166 1714 2242 3672">
    <p class='ocr_par' dir='ltr' id='par_1_23' title="bbox 2166 1714 2242 3672">
     <span class='ocr_line' id='line_1_47' title="bbox 2166 1714 2242 3672; baseline 0 0"><span class='ocrx_word' id='word_1_461' title='bbox 2166 1714 2242 3672; x_wconf 95' lang='lat' dir='ltr'><strong> </strong></span> 
     </span>
    </p>
   </div>
  </div>
 </body>
</html>
