2242 3672
299 263 511 303 VETTIVS
1157 256 1242 298 41⁴4
1887 265 2106 303 VET’rlvs

382 397 440 438 H.
469 395 643 444 Mallon
677 395 730 448 cf.
761 408 895 448 supra
918 395 994 436 sub
1025 393 1275 444 Sabiniano,
1305 393 1374 435 liic
1395 392 1671 450 Sabinianus,
1704 397 1779 453 qui
1809 396 1985 452 [paullo
2006 401 2109 454 post

385 465 450 507 M.
473 464 645 506 Aurelii
672 466 844 505 mortem
873 466 921 505 ut
948 462 1133 517 violetur]
1163 462 1386 506 Dacorum
1417 469 1542 506 extra
1569 466 1837 520 provinciam
1867 466 2107 510 Romanam

383 533 629 587 degentium
672 531 897 573 duodecim
939 530 1072 573 millia
1112 532 1307 587 pacavit,
1351 531 1474 574 sedes
1515 533 1577 575 eis
1618 534 1663 575 in
1703 535 1929 590 provincia
1968 535 2107 579 Dacia

380 600 596 656 pollicitus
626 599 714 641 Dio
744 602 811 649 72,
842 602 870 640 3
902 600 1003 654 (cxc.
1037 600 1086 641 de
1117 599 1226 656 leq).
1287 600 1527 644 Proconsul
1560 601 1772 657 (Africae)
1804 606 1833 646 t.
1862 602 2104 657 Africanus

392 669 514 711 VIII
533 670 621 711 823
662 668 717 721 cf.
749 667 872 710 VIII
899 667 944 711 S.
975 670 1113 711 12346
1141 688 1197 703 =
1226 667 1345 711 Bull.
1377 669 1433 711 du
1464 671 1614 713 comite'
1642 671 1757 714 arch.
1789 674 1899 714 1893
1924 687 1973 727 p.
2004 675 2103 723 208,
2178 692 2182 695 ·

382 737 641 779 clarissimae
681 737 913 778 memoriae
950 737 1020 777 vir
1049 737 1107 778 ib.
1140 736 1454 790 (proconsulem
1483 739 1616 792 fuisse
1652 753 1765 782 anno
1794 743 1918 784 190s1
1956 741 2109 788 statuit

386 807 521 848 Tissot
559 806 690 858 fustes
720 820 768 859 p.
800 808 906 855 128,
948 806 1039 847 sine
1080 805 1242 860 causa).
1298 806 1429 848 Pater
1457 805 1506 850 O.
1537 807 1673 850 Vettii
1706 809 1832 853 Grati
1863 808 2104 862 Sabiniani,

379 889 486 915 avus
530 873 579 916 C.
620 874 756 916 Vettii
802 873 926 916 Grati
968 874 1102 916 Attici
1149 874 1375 917 Sabiniani
1416 876 1472 918 ib.
1542 876 1728 929 (Titulos
1765 877 2027 933 Africanum
2066 881 2106 921 et

378 941 688 985 Carnuntinum
720 942 778 984 ad
808 942 979 984 eundem
1005 943 1212 985 hominem
1237 945 1462 998 pertinere,
1493 959 1577 988 non
1608 949 1777 998 certum,
1809 949 1856 989 at
1877 945 2105 1001 probabile

379 1010 468 1065 est.)
488 1035 539 1040 -
565 1010 782 1061 Diversus,
807 1025 938 1065 neque
961 1011 1041 1053 huc
1063 1012 1252 1065 pertinet
1282 1012 1331 1056 C.
1365 1013 1538 1056 Vettius
1568 1009 1829 1058 Sabinianus
1858 1015 2104 1072 praefectus

377 1078 563 1121 cohortis
594 1078 810 1121 secundae
841 1078 1234 1135 Commagenorum
1264 1081 1353 1124 III
1375 1081 1419 1125 S.
1451 1085 1560 1125 7854
1590 1080 1661 1135 (=
1690 1086 1828 1139 1619).

293 1148 376 1189 340
407 1153 620 1189 VETTIVS
653 1154 862 1190 SABINVS
894 1149 1093 1203 (Vectius
1125 1149 1312 1192 Sabinus
1344 1150 1531 1194 traditur
1555 1154 1598 1207 2,
1623 1156 1661 1206 1,
1695 1151 1884 1195 Sabinus
1913 1153 1972 1196 ib.
1993 1154 2120 1208 44).

380 1223 450 1258 ‘ex
472 1216 634 1259 familia
654 1216 914 1274 Ulpiorum⁷,
948 1218 1190 1261 Maximum
1210 1226 1252 1261 et
1274 1219 1507 1263 Balbinum
1527 1220 1749 1276 Augustos
1780 1221 1990 1264 creandos
2009 1235 2105 1268 esse

376 1286 543 1327 censuit
563 1301 602 1327 a.
621 1286 702 1328 238
724 1287 796 1329 vit.
822 1287 946 1329 Max.
970 1290 1009 1329 et
1027 1287 1158 1330 Balb.
1175 1292 1218 1332 2.
1251 1289 1357 1331 Mox
1378 1290 1624 1346 praefectus
1645 1291 1744 1334 urbi
1766 1291 1906 1334 factus
1926 1292 1984 1335 ib.
1999 1295 2040 1343 4,
2061 1295 2102 1336 4.

375 1353 578 1397 Fortasse
607 1354 675 1397 hic
706 1356 768 1410 (ut
797 1357 973 1399 coniecit
1005 1356 1243 1400 Mommsen
1273 1358 1363 1412 eph.
1396 1373 1458 1413 ep.
1489 1362 1516 1401 1
1537 1374 1588 1413 p.
1619 1363 1700 1402 136
1728 1363 1813 1403 not.
1835 1359 1882 1415 2)
1914 1359 2115 1407 Sabinus*

376 1422 525 1464 consul
561 1424 717 1466 iterum
747 1439 846 1466 cum
876 1424 1070 1467 Venusto
1102 1441 1139 1468 a.
1173 1427 1257 1469 240
1286 1428 1393 1480 fasti
1422 1425 1494 1481 (cf.
1525 1441 1660 1482 supra
1688 1429 1764 1471 sub
1795 1427 1989 1484 Sabino).
2031 1470 2034 1471 ⁷

289 1490 367 1532 341
403 1497 616 1534 VETTIVS
661 1498 819 1535 SCIPIO
866 1499 1078 1536 ORFITVS
1123 1494 1390 1538 clarissimus
1436 1497 1525 1550 vir,
1572 1503 1781 1553 patronus
1828 1495 2101 1540 sacerdotum

376 1559 527 1602 domus
553 1560 777 1616 Augustae
808 1562 1097 1618 (temporibus
1129 1563 1377 1619 Commodi)
1419 1564 1488 1607 VI
1509 1568 1635 1608 2010.

302 1653 358 1657 -
402 1628 453 1670 L.
485 1629 666 1672 Fulvius
696 1631 899 1673 Rusticus
930 1631 1133 1687 Vet[tius]
1166 1632 1405 1676 Secundus.

301 1721 358 1726 ——
399 1704 451 1740 M.
482 1704 694 1740 FLAVIVS
728 1706 984 1742 SABARRVS
1016 1701 1262 1756 VET[T1VS]
1296 1708 1535 1745 SEVERVS.
2174 1752 2176 1754 ,

287 1767 371 1809 342
401 1774 446 1809 L.
478 1773 689 1810 VETTIVS
734 1774 961 1810 STATVRA
1001 1769 1052 1811 L.
1081 1769 1134 1824 f.,
1179 1770 1296 1813 tribu
1336 1770 1442 1815 Stel.
1473 1772 1653 1827 (oriyz‘ne
1691 1772 1851 1815 scilicet
1884 1770 2099 1827 Urbinas),

377 1834 520 1890 [X]vir
560 1836 751 1879 stlitibus
789 1837 1053 1893 iudicandis,
1096 1838 1297 1881 tribunus
1335 1839 1522 1883 militum
1562 1839 1746 1895 legionis
1782 1841 1829 1883 II
1859 1841 2098 1897 Augustae,

372 1912 575 1960 quaestor
598 1907 850 1962 provinciae
871 1907 1178 1959 Narbonensis,
1212 1909 1411 1951 tribunus
1442 1909 1594 1966 plebis,
1627 1916 1823 1966 praet0r3
1855 1910 2097 1966 quinquen-

372 1972 482 2015 nalis
524 1980 565 2016 et
604 1982 811 2031 patronus
851 1977 1077 2032 municipii
1110 1977 1428 2032 (Urbinatium)
1460 1981 1489 2020 t.
1520 1978 1706 2022 Urbinas
1735 1978 1816 2021 XI
1837 1981 1946 2022 6054
1973 1978 2098 2021 semel

369 2041 599 2097 descriptus
628 2057 735 2087 saec.
766 2044 868 2088 XV.

285 2110 368 2151 343
396 2110 567 2153 Vettius
599 2111 759 2154 Valens
801 2113 877 2168 (sic
918 2112 1075 2156 Seneca
1116 2113 1234 2156 Plin.
1272 2115 1393 2165 Tac„
1427 2114 1590 2158 Valens
1620 2114 1756 2160 Scrib.
1786 2116 1942 2171 Lary„
1981 2113 2095 2159 Cael.

369 2178 508 2234 Aur),
545 2181 738 2223 medicus
770 2182 912 2224 clarus
943 2182 1062 2227 Plin.
1094 2183 1132 2228 h.
1164 2198 1205 2225 n.
1236 2187 1307 2234 29,
1334 2186 1375 2234 8,
1415 2189 1670 2241 praeceptor
1700 2183 1878 2241 Apuleii
1908 2183 2025 2227 Celsi
2056 2191 2107 2227 et‘

373 2244 594 2291 Scribonii
633 2250 765 2305 Largi
812 2251 1064 2294 Scribonius
1108 2252 1278 2307 Laryus
1318 2266 1351 2296 c.
1380 2255 1458 2304 94;
1500 2267 1660 2295 novam
1703 2253 1893 2296 instituit
1935 2259 2095 2296 sectam

373 2315 490 2359 Plin.
512 2317 552 2359 h.
571 2332 613 2359 n.
635 2322 703 2370 29,
725 2323 767 2361 8.
816 2319 988 2374 (Nescio
1018 2334 1119 2362 num
1148 2320 1216 2362 hic
1246 2320 1409 2363 Valens
1440 2321 1647 2378 physicus
1674 2321 1786 2364 libro
1814 2321 1883 2364 III
1913 2323 2095 2364 curatio-

369 2400 471 2427 num
503 2387 577 2442 qui
605 2387 762 2429 citatur
786 2387 901 2430 Cael.
923 2388 1148 2431 Aurelian.
1180 2392 1289 2432 acut.
1317 2392 1356 2440 3,
1379 2392 1435 2446 1).
1487 2391 1631 2432 Etiam
1662 2390 1850 2433 disertus
1871 2389 1989 2433 Plin.
2010 2389 2039 2433 l.
2060 2404 2094 2433 c.

371 2453 517 2509 Eques
552 2455 770 2498 Romanus
802 2457 963 2499 Seneca
994 2472 1113 2511 apoc.
1143 2461 1220 2510 13;
1266 2458 1363 2500 Tae.
1402 2473 1441 2502 a.
1479 2462 1543 2509 11,
1579 2461 1645 2502 35.
1714 2459 1835 2501 Inter
1873 2458 2094 2502 adulteros

369 2522 642 2565 Messallinae
673 2523 792 2566 Plin.
824 2525 864 2567 h.
894 2540 936 2567 n.
967 2529 1038 2576 29,
1062 2528 1102 2568 8.
1123 2530 1203 2577 20;
1238 2527 1337 2570 Tac.
1369 2541 1409 2569 a.
1439 2530 1504 2578 11,
1536 2531 1602 2570 30.
1627 2530 1692 2572 35.
1755 2527 1960 2570 Lascivia
1999 2528 2092 2570 eius

374 2590 470 2632 Tac.
505 2605 543 2633 a.
571 2595 636 2642 11,
659 2595 724 2634 31.
770 2593 968 2636 Detectis
1000 2594 1232 2637 sceleribus
1262 2594 1538 2638 Messallinae
1569 2597 1733 2638 occisus
1763 2611 1802 2638 a.
1830 2596 1887 2638 48.
1921 2596 2020 2640 Tac.
2051 2610 2092 2640 a.

367 2662 431 2708 11,
464 2662 540 2709 35‚·
582 2660 742 2702 Seneca
783 2676 901 2716 apoc.
935 2666 999 2704 13.
1062 2663 1278 2706 Incertum
1321 2678 1406 2718 qua
1441 2664 1670 2719 parentela
1713 2665 1958 2715 coniunctus
2000 2678 2094 2707 cum

369 2726 514 2769 Vettiis
549 2727 789 2772 Valentibus
817 2730 1162 2774 'Ariminensibus
1190 2733 1264 2786 qui
1290 2736 1531 2786 sequuntur,
1563 2747 1739 2787 quorum
1767 2746 1878 2775 unus
1905 2731 1964 2785 (n.
1990 2732 2091 2787 345)

368 2808 414 2835 eo
455 2797 637 2849 tempore
675 2811 754 2849 quo
794 2797 861 2840 hic
900 2812 1064 2841 summa
1099 2801 1248 2854 qratia
1293 2800 1409 2854 apud
1452 2801 1665 2855 ooniuyem
1702 2801 1890 2856 Auyusti
1930 2801 2090 2855 floruit,

368 2864 521 2904 meruit
557 2864 604 2905 in
638 2867 861 2918 praetorio
902 2870 941 2908 et
978 2881 1076 2910 mox
1116 2868 1174 2910 acl
1212 2868 1419 2911 ducendos
1459 2869 1625 2912 ordines
1658 2872 1882 2923 promotus
1921 2873 1993 2914 est.
2031 2893 2106 2914 —·.

370 2930 503 2972 Nullo
542 2932 662 2974 modo
704 2947 796 2974 cum
835 2934 902 2976 his
940 2935 1104 2978 videtur
1135 2937 1380 2979 coniunctus
1415 2936 1576 2980 Vettius
1605 2936 1759 2980 Valens
1786 2937 2087 2989 Antiochenus,
2160 2978 2162 2980 .

366 2999 440 3050 qui
466 3000 637 3053 scripsit
667 3002 913 3058 ἀνθολογιῶν
947 3003 1077 3047 libros
1108 3006 1348 3060 aryumenti
1375 3006 1619 3061 astroloyiei
1647 3006 1721 3059 qui
1749 3008 1895 3048 extant
1922 3006 1997 3049 sed
2024 3006 2088 3048 in-

369 3066 482 3116 editi,
514 3069 662 3121 quique
691 3069 838 3121 floruit
867 3071 1095 3126 Hadriano
1126 3077 1166 3115 et
1193 3073 1413 3116 Antonino
1440 3073 1524 3116 Pio
1559 3074 1887 3128 imperantibus,
1929 3073 1979 3117 de
2007 3088 2099 3129 quo

367 3148 500 3188 nuper
540 3137 622 3189 coit
664 3137 718 3181 E.
758 3138 884 3180 Riess
925 3139 1211 3195 Nechepsonis
1256 3145 1294 3184 et
1338 3142 1591 3185 Petosiridis
1631 3143 1876 3230 fraymenta
1919 3143 2088 3198 mayica

366 3201 480 3251 (diss.
511 3202 649 3247 Bonn.
680 3205 805 3259 1890)
826 3221 875 3260 p.
898 3210 950 3249 15
969 3221 1051 3262 seq.

284 3269 367 3309 344
398 3276 448 3310 M.
471 3277 680 3314 VETTIVS
702 3279 899 3316 VALENS
931 3275 990 3318 M.
1023 3276 1074 3327 f.‚
1108 3277 1226 3319 tribu
1256 3278 1340 3320 An.
1373 3278 1714 3332 (Ariminensis);
1753 3285 1958 3335 quaestor
1986 3293 2085 3335 pro-

367 3338 537 3379 vinciae
559 3338 851 3395 Macedoniae,
879 3341 1107 3398 *quaestol
1137 3347 1230 3399 (aut
1259 3345 1542 3400 reponendum
1572 3349 1647 3388 aut
1675 3346 1941 3389 inserendum
1955 3346 2083 3402 trib.)
