2242 3672
294 273 545 310 VALERI‘VS
1153 261 1238 303 366
1291 273 1293 275 ’
1849 267 2100 306 VALERIVS
2137 270 2140 272 ’
2220 264 2229 281 ‘³

380 405 552 447 videtur
582 398 934 459 promissionibus
964 398 1137 453 decepit
1159 396 1248 439 Dio
1267 398 1332 448 51,
1364 401 1403 440 7.
1459 397 1633 440 Videtur
1660 398 1883 440 comitatus
1911 398 1977 441 vel
2003 398 2100 440 sub·
2219 346 2242 490 Ξ

379 476 542 516 secutus
581 483 665 512 esse
696 467 918 510 Caesarem
954 466 1001 507 in
1030 465 1207 516 Asiam,
1245 466 1345 507 item
1371 466 1420 508 in
1448 465 1708 521 Aeyyptuom
1746 467 1787 508 si
1814 466 1979 521 quidem
2008 480 2102 508 cum
2229 467 2233 476 ³

381 555 427 583 eo
459 537 652 582 Tibullus
682 536 792 578 adiit
821 534 1029 584 Ciliciam,
1062 533 1245 588 Syriam,
1277 533 1528 588 Aeqyptum,
1558 533 1624 576 vel
1652 537 1760 577 certe
1783 534 1994 577 Messalla
2022 533 2102 576 has

380 612 517 650 terras
538 605 647 647 adiit
665 604 809 653 victor,
838 602 994 644 Tibull.
1020 605 1057 656 1,
1083 605 1119 652 7,
1143 605 1198 644 13
1216 615 1299 655 seq.
1322 627 1372 632 —
1396 602 1557 644 Missus
1579 609 1730 644 contra
1751 602 1900 647 Gallos
1921 601 2101 645 rebelles
2216 595 2242 654 i}

377 676 566 730 Appian.
599 674 636 715 b.
669 686 703 714 c.
733 675 771 722 4,
802 673 861 714 38
900 670 1119 724 (eoetemplo
1161 685 1189 712 a
1219 684 1371 725 puyna
1399 670 1584 713 Actiaca
1621 671 1669 713 in
1704 670 1897 714 Galliam
1929 672 2104 714 missum
2222 665 2242 683 '²'

379 757 463 786 esse
504 740 755 784 Messallam
792 753 1056 793 nequaquam
1095 739 1231 781 tradit
1268 739 1459 793 Appian.
1501 739 1529 782 l.
1571 739 1637 794 c.).
1701 740 1822 782 Vicit
1858 739 2102 797 Aquitanos

383 811 534 854 Tibull.
556 813 594 859 1,
618 812 655 859 7,
676 812 704 850 3
723 822 818 862 seq„
849 811 894 858 2,
914 811 953 858 1,
973 810 1039 858 33,
1072 808 1162 849 vita
1188 807 1351 850 Tibulli
1379 808 1558 863 (iniuria
1585 808 1811 850 nonnullos
1840 809 1964 851 torsit
1991 807 2104 862 quod

378 880 478 921 haec
515 878 693 920 victoria
734 876 783 918 de
820 876 1055 930 Aquitanis
1091 876 1277 918 incidere
1314 876 1480 918 videtur
1517 877 1564 919 in
1602 877 1650 919 id
1687 880 1847 932 tempus
1877 891 1961 932 per
1993 875 2105 931 quod

378 949 513 990 Ianus
549 947 752 1000 Quirinus
792 946 960 987 clausus
999 948 1109 996 erat,
1152 960 1192 988 a.
1225 948 1458 1002 725-727).
1523 946 1830 1002 Triumphavit
1867 961 1923 988 ex
1959 943 2105 989 Gallia

377 1016 485 1070 fasti
514 1014 711 1069 triumph.
749 1014 854 1069 Cap.
887 1017 926 1055 et
954 1013 1091 1056 Barb.
1124 1013 1263 1066 (CIL.
1292 1014 1327 1056 Ι
1349 1014 1410 1057 ed.
1441 1018 1473 1058 ,2
1494 1029 1541 1068 p.
1560 1017 1628 1057 50.
1660 1014 1743 1069 77),
1774 1013 1964 1069 Appian.
1997 1013 2035 1058 b.
2066 1026 2101 1058 c.

376 1089 415 1135 4,
435 1087 502 1134 38,
542 1084 632 1127 Tib.
659 1086 696 1133 1,
720 1086 756 1132 7,
777 1085 818 1124 8.
849 1085 893 1132 ,2,
917 1085 955 1132 1,
977 1085 1043 1133 33,
1076 1082 1306 1138 proconsul
1336 1083 1445 1136 fasti
1474 1080 1590 1137 Cap„
1622 1082 1665 1125 d.
1692 1085 1747 1126 25
1780 1083 1900 1139 Sept.
1931 1082 2014 1126 727
2043 1081 2103 1124 ib.

379 1154 525 1205 (Tunc
555 1152 760 1207 temporis
792 1157 840 1192 ut
859 1150 1053 1204 videtur)
1075 1152 1191 1193 viam
1213 1151 1414 1193 Latinam
1443 1152 1630 1193 munivit
1654 1151 1808 1194 Tibull.
1830 1155 1868 1202 1,
1891 1153 1930 1201 7,
1951 1152 2010 1194 57
2019 1163 2102 1204 seq.

378 1221 430 1264 A.
464 1221 545 1263 728
574 1220 699 1275 (certe
740 1219 798 1261 ad
833 1219 943 1261 hune
985 1233 1143 1261 annum
1180 1233 1268 1261 rem
1300 1219 1466 1262 videtur
1501 1219 1776 1274 adscripsisse
1802 1217 2103 1274 Hieronymus)

381 1289 560 1345 ‘primus
601 1288 846 1345 praefectus
886 1287 987 1330 urbi
1027 1287 1191 1342 faetus,
1233 1294 1355 1330 sexto
1398 1288 1468 1330 die
1508 1289 1762 1343 magistratu
1793 1303 1839 1330 se
1869 1286 2103 1341 abdicavit,

380 1356 597 1399 incivilem
637 1362 890 1412 potestatem
933 1370 1026 1398 esse
1067 1363 1327 1398 contestans’
1362 1357 1647 1411 Hieronymus
1686 1356 1745 1399 ad
1782 1371 1822 1401 a.
1853 1355 1963 1400 Abr.
1993 1358 2102 1398 1991

379 1426 453 1480 (ad
479 1440 518 1469 a.
541 1428 652 1468 1992
682 1425 770 1467 cod.
792 1424 1162 1481 Bonycirsianus),·
1190 1425 1388 1467 similiter
1415 1425 1513 1468 Tac.
1545 1439 1585 1467 a.
1617 1428 1655 1475 6,
1687 1428 1740 1467 11
1771 1425 1843 1481 (cf.
1867 1424 2105 1467 Mommsen

378 1494 564 1537 Staatsr.
581 1493 642 1535 II
655 1492 717 1536 ed.
737 1496 765 1534 3
777 1507 825 1547 p.
842 1496 950 1535 1059
969 1496 1052 1535 not.
1066 1493 1123 1547 3).
1164 1493 1219 1537 A.
1243 1494 1324 1536 729
1355 1508 1433 1550 pro
1465 1501 1588 1550 parte
1614 1493 1766 1536 domus
1786 1492 2013 1536 Palatinae
2041 1491 2104 1533 in-

377 1562 527 1604 cendio
559 1568 839 1617 consumptae
869 1563 1093 1617 pecuniam
1126 1563 1286 1619 accipit
1315 1562 1370 1604 ab
1402 1562 1602 1618 Augusto
1623 1561 1713 1605 Dio
1731 1565 1798 1614 53,
1820 1565 1892 1606 27.
1942 1561 1997 1605 A.
2021 1561 2105 1604 743

378 1632 542 1686 primus
565 1636 740 1672 curator
760 1645 971 1686 aquarum
993 1630 1193 1673 Frontin.
1217 1645 1283 1685 aq.
1306 1634 1374 1674 99.
1395 1656 1453 1662 —
1473 1631 1559 1673 Per
1586 1646 1684 1674 eum
1715 1628 1774 1684 (a.
1798 1629 1897 1686 752)
1928 1635 2105 1672 senatus

378 1699 622 1753 Augustum
654 1705 820 1754 patrem
852 1700 1018 1754 patriae
1050 1700 1287 1741 nominavit
1318 1699 1433 1743 Suet.
1465 1699 1578 1755 Auy.
1607 1702 1676 1743 58.
1699 1724 1752 1730 —
1782 1698 1853 1742 De
1882 1712 1995 1742 armo
2023 1711 2105 1752 quo

377 1771 565 1809 mortuus
601 1768 658 1809 sit
697 1767 770 1809 diu
799 1767 1037 1809 dubitatum
1078 1771 1150 1810 est.
1209 1768 1326 1810 Ante
1360 1768 1586 1811 biennium
1617 1783 1747 1825 quam
1775 1773 2017 1810 moreretur
2045 1767 2107 1809 ita
2217 1823 2221 1827 Ἴ

376 1836 625 1877 memoriam
655 1850 706 1878 ac
738 1850 911 1878 sensum
941 1837 1095 1891 amisit,
1124 1842 1174 1878 ut
1193 1837 1270 1878 vix
1290 1852 1429 1893 pauca
1449 1837 1584 1880 verba
1609 1838 1892 1891 coniungeret
1921 1835 2104 1893 (proprii
2183 1866 2222 1894 ,4

377 1905 560 1946 nominis
592 1903 808 1946 oblivione
839 1911 989 1961 captus
1018 1904 1136 1947 Plin.
1168 1905 1209 1947 h.
1238 1919 1279 1947 n.
1312 1909 1351 1956 7,
1382 1909 1458 1957 90,·
1493 1905 1630 1949 Solin.
1662 1909 1701 1956 1,
1726 1904 1839 1960 110),
1871 1910 1915 1947 et
1942 1903 1999 1947 ad
2031 1918 2103 1946 ex·
2181 1908 2237 1966 {³5

378 1980 560 2015 tremum
606 1972 750 2014 ulcere
797 1972 878 2014 sibi
922 1974 1036 2015 circa
1083 1988 1250 2015 sacram
1289 1975 1457 2030 spinam
1498 1980 1598 2016 nato
1640 1973 1785 2016 inedia
1827 1988 1873 2016 se
1917 1971 2105 2016 confecit

378 2041 661 2095 Hieronymus
701 2041 759 2083 ad
796 2056 835 2083 a.
867 2045 991 2085 2027
1027 2042 1103 2097 (ad
1140 2056 1179 2086 a.
1210 2045 1330 2085 2028
1370 2042 1488 2085 codd.
1533 2042 1666 2087 Oxon.
1712 2042 1882 2087 Freher.
1922 2039 2100 2096 Petav).

378 2108 594 2151 Corvinus
626 2111 670 2151 in
694 2109 885 2152 medium
907 2125 1043 2166 usque
1061 2111 1352 2167 principatum
1373 2111 1562 2165 Augusti
1583 2111 1760 2154 duravit
1786 2110 1885 2154 Tac.
1907 2109 2010 2155 dial.
2031 2112 2098 2162 17⁶,
2186 2103 2237 2163 ,2⁵ss

377 2178 542 2219 omnino
572 2178 694 2228 male,
734 2193 835 2220 nam
864 2179 1001 2221 medio
1041 2179 1205 2221 demum
1243 2180 1333 2233 fere
1364 2180 1617 2234 principatu
1645 2179 1833 2233 Auyusti
1870 2179 2007 2235 (quem
2044 2177 2100 2221 ab

378 2259 488 2288 anno
519 2249 597 2287 711
631 2246 802 2289 inchoat
838 2248 1010 2289 Tacitus
1040 2247 1066 2290 l.
1098 2247 1149 2302 c)
1186 2247 1394 2290 Corvinus
1423 2262 1570 2290 curam
1601 2261 1811 2302 aquarum
1838 2246 2030 2302 suscepit,
2062 2248 2104 2289 et

379 2317 526 2367 postea
558 2314 720 2357 demum
749 2315 990 2370 Auyustum
1012 2319 1185 2370 patrem
1205 2317 1383 2371 patriae
1413 2316 1644 2372 appellavit
1673 2316 1746 2372 (cf.
1775 2318 1925 2373 supra)
1955 2314 2102 2371 (verba

379 2382 520 2424 Taciti
548 2383 767 2425 emendare
791 2385 877 2426 sibi
906 2388 1174 2438 sumpserunt
1191 2384 1452 2440 Boryhesius
1478 2400 1570 2440 opp.
1592 2389 1631 2436 1,
1652 2387 1734 2427 408
1764 2387 1804 2427 et
1826 2382 2100 2439 Nipperdey).

377 2451 432 2492 In
455 2451 559 2492 vivis
577 2451 740 2493 videtur
759 2452 902 2505 fuisse,
925 2466 1018 2494 cum
1042 2453 1216 2496 Ovidius
1235 2454 1282 2496 in
1306 2453 1479 2496 exilium
1498 2455 1747 2504 mitteretur,
1772 2452 1979 2507 siquidem
2003 2455 2104 2494 tunc

378 2518 441 2561 (ut
478 2522 588 2560 recte
630 2520 862 2562 observavit
900 2521 955 2563 F.
989 2521 1127 2564 Marx
1157 2521 1326 2566 Wiener
1357 2522 1537 2565 Studien
1566 2524 1681 2565 1897
1707 2536 1757 2576 p.
1778 2521 1875 2570 151)
1904 2519 2102 2565 Ovidium

377 2601 462 2627 non
493 2587 702 2629 infitiatus
733 2589 919 2630 amioum
950 2589 1069 2632 Ovid.
1101 2604 1152 2632 ecc
1178 2589 1229 2633 P.
1252 2594 1291 2641 1,
1321 2594 1359 2641 7,
1380 2593 1441 2634 28
1471 2591 1575 2646 (alio
1606 2594 1790 2646 tempore
1818 2589 1941 2633 nulla
1969 2602 2101 2632 causa

378 2658 471 2696 erat
513 2668 588 2696 cur
632 2656 869 2698 amicitiam
911 2657 1055 2700 Ovidii
1094 2658 1386 2713 infitiaretur).
1456 2659 1510 2701 In
1549 2674 1655 2701 cura
1693 2673 1906 2715 aquarum
1946 2673 1985 2701 a.
2017 2657 2102 2700 766

380 2724 437 2777 (p.
461 2721 563 2764 Chr.
587 2724 657 2778 13)
690 2726 897 2767 successit
927 2726 966 2767 ei
997 2725 1150 2768 Ateius
1181 2726 1336 2783 Capito
1367 2726 1566 2770 Frontin.
1599 2741 1666 2781 aq.
1696 2730 1795 2777 102,
1825 2729 1874 2769 ut
1903 2740 1996 2769 eum
2023 2724 2102 2769 hoc
2196 2768 2226 2775 ,.

378 2790 470 2843 ipso
509 2804 619 2832 anno
661 2791 880 2835 decessisse
910 2797 1060 2847 putes,·
1100 2795 1262 2837 accedit
1297 2795 1410 2849 quod
1437 2795 1721 2850 Hieronymus
1762 2795 1811 2838 de
1845 2795 1991 2838 morbo
2020 2807 2102 2848 quo

380 2858 545 2899 biennio
587 2862 683 2901 ante
717 2864 890 2903 mortem
921 2866 1069 2916 captus
1099 2866 1160 2905 est
1189 2863 1261 2917 (cf.
1292 2863 1441 2918 supra)
1471 2864 1745 2919 adscripsisse
1782 2863 1948 2906 videtur
1987 2862 2047 2905 ad
2073 2875 2102 2904 a
2189 2852 2231 2885 ³⁴·

378 2926 486 2968 Abr.
511 2930 630 2969 2027
659 2927 724 2981 (p.
754 2928 857 2971 Chr.
881 2933 965 2986 11).
1015 2931 1201 2973 Mortem
1231 2933 1324 2974 eius
1355 2931 1526 2988 planxit
1554 2931 1752 2987 Ovidius,
1786 2932 1959 2974 neniam
1989 2944 2100 2988 quae
2151 2969 2159 2979 ,

379 2994 423 3033 in
454 2993 604 3036 funere
635 2997 726 3038 eius
758 3005 987 3040 caneretur
1016 3000 1258 3055 composuit
1284 3000 1404 3043 Ovid.
1436 3014 1486 3043 ex
1515 3000 1567 3045 P.
1594 3004 1634 3052 1,
1657 3004 1694 3052 7,
1714 3003 1786 3044 29.
1807 3003 1863 3042 30
1892 2999 2100 3056 (adfuisse

379 3062 523 3113 funeri
559 3063 775 3115 Ovidium,
824 3066 1076 3109 Messallam
1119 3069 1251 3123 iyitur
1288 3072 1499 3112 mortuum
1538 3083 1624 3112 esse
1663 3072 1889 3123 antequam
1925 3067 2102 3112 Ovidius

379 3129 424 3170 in
440 3130 611 3172 exilium
630 3132 722 3182 iret,
746 3147 796 3175 ex
813 3135 951 3176 verbis
971 3134 1114 3178 Ovidii
1131 3137 1256 3179 multi
1275 3137 1541 3193 colleyerunt,
1564 3141 1688 3191 atque
1709 3138 1838 3180 etiam
1854 3135 2099 3192 Nipperdey

381 3210 516 3249 opusc.
540 3213 587 3251 p.
609 3203 719 3250 291,-
747 3201 820 3242 sed
837 3203 966 3244 verba
986 3203 1064 3245 illa
1084 3205 1212 3247 etiam
1233 3205 1282 3248 de
1304 3206 1473 3249 absente
1496 3206 1646 3249 Ovidio
1677 3206 1816 3260 accipi
1835 3217 1962 3260 posse
1989 3206 2099 3247 recte

379 3264 541 3306 videtur
580 3269 776 3310 statuisse
813 3269 869 3311 F.
909 3271 1045 3313 Mara*
1075 3272 1102 3314 l.
1134 3273 1201 3327 c.).
1240 3299 1298 3303 —
1336 3274 1535 3316 Decessit
1574 3289 1688 3317 anno
1729 3274 1882 3316 aetatis
1921 3271 2099 3315 LXXII

382 3330 684 3387 Hieronymus,
721 3339 917 3379 constans
946 3339 1049 3390 sibi,
1081 3340 1121 3381 si
1147 3341 1314 3395 quidem
1343 3342 1503 3385 codices
1532 3343 1622 3385 eius
1649 3341 1836 3385 natalem
1866 3340 2099 3384 Messallae
