2242 3672
249 278 457 315 SEXTIVS
1110 266 1193 308 236
1844 272 2050 309 SEXTIVS

248 411 330 454 463
361 416 405 452 Τ.
437 413 643 450 SEXTIVS
677 439 686 448 .
707 439 715 447 .
735 439 744 447 .
785 411 836 446 M.
864 409 1030 445 VIBIVS
1063 402 1190 444 *OVE
1210 435 1333 444 .....
1371 407 1631 444 SECVNDVS
1663 408 1759 444 LVO
1778 435 1900 446 .....
1930 409 2045 446 VES-

332 484 490 520 TINVS.
548 476 591 518 T.
623 475 813 516 urbanus
841 472 1015 514 mutilus
1044 472 1242 526 (fortasse
1272 470 1533 525 sinqulorum
1561 483 1754 513 versuum
1789 471 1920 514 multo
1951 471 2054 526 plus

335 545 526 588 dimidia-
533 546 660 598 parte
682 540 830 596 periit)
862 541 1030 582 circiter
1050 540 1268 593 quinquies
1294 539 1526 594 descriptus
1546 539 1727 582 saeculis
1751 540 2052 594 superioribuS,

341 614 407 656 VI
428 615 549 655 1518.
861 605 864 607 “
1088 626 1092 629 -

420 682 470 723 Τ.
503 680 678 723 Sextius
713 710 836 720 .....
867 677 928 720 M.
961 676 1117 718 Vibius
1148 675 1244 718 Ove
1262 709 1270 718 .
1290 709 1298 718 .
1319 709 1328 718 .
1348 710 1357 719 .
1388 675 1505 731 (Ove
1524 710 1532 718 .
1552 710 1561 718 .
1579 710 1587 718 .
1607 710 1616 718 .
1646 676 1710 719 vel
1738 675 1849 720 Ovei
1866 709 1876 719 .
1894 709 1904 720 .
1923 710 1932 720 .
1950 710 1960 721 .
1991 676 2055 720 vel

335 749 444 792 Ovel
463 782 472 790 .
492 781 500 790 .
518 781 527 790 .
547 781 556 789 .
585 747 648 788 vel
678 745 771 788 Ouf
783 779 791 787 .
811 778 820 787 .
840 778 877 787 ..
911 744 1207 798 descrutmes,
1249 744 1323 787 sed
1355 758 1486 795 unus,
1527 745 1642 799 isque
1671 745 1844 799 reliquis
1873 745 2056 800 fortasse

335 817 586 866 accuratior,
620 814 668 857 C.
691 815 758 857 Ve
776 847 785 856 .
804 847 812 855 .
831 847 839 855 .
858 814 887 868 .)
919 812 1148 856 Secundus
1178 813 1360 855 Luc...
1380 846 1389 855 .
1423 813 1500 867 (sic
1529 827 1638 856 unus
1669 817 1828 865 auctor,
1861 814 2056 869 plerique

333 887 426 928 Luo
444 918 477 927 ..
498 918 506 926 .
525 885 552 938 .)
574 884 779 926 Vestinus
804 885 831 924 t.
851 882 1054 924 urbanus.
1098 882 1149 926 T.
1171 881 1213 936 f.,
1238 884 1278 923 et
1291 884 1440 936 postea
1461 881 1658 924 Africani
1680 881 1935 937 con[sularis
1955 882 2054 938 viri]

332 955 444 996 filius
476 953 578 1005 (nisi
605 953 714 1006 forte
745 950 880 1005 plura
914 951 1025 992 inter
1057 949 1255 992 Africani
1290 965 1397 993 con.
1417 983 1452 992 ..
1472 985 1481 993 .
1514 953 1553 992 et
1581 950 1695 992 filius
1728 950 1967 1005 perierunt)
1996 951 2055 995 ib.

332 1022 546 1066 Oriundus
565 1021 697 1074 iqitur
718 1034 745 1061 a
771 1020 816 1062 T.
840 1018 1000 1062 Sextiis
1017 1018 1245 1072 Africanis
1267 1018 1504 1061 consulibus
1531 1033 1642 1061 anno
1662 1021 1716 1062 59
1747 1022 1786 1062 et
1800 1017 1927 1063 'anno
1949 1022 2058 1071 112;

332 1091 404 1134 secl
423 1091 550 1133 etiam
576 1090 620 1131 T.
645 1089 837 1132 Sextium
856 1088 1052 1143 Maqium
1072 1088 1336 1130 Lateranum
1362 1087 1570 1130 consulem
1600 1102 1640 1130 a.
1663 1091 1717 1130 94
1745 1088 1857 1131 inter
1876 1088 2059 1130 maiores

336 1161 423 1201 eius
452 1159 583 1212 fuisse
614 1157 829 1211 colliqitur
859 1171 908 1198 esc
936 1157 1102 1198 nomine
1131 1156 1228 1211 filii.
1278 1156 1453 1211 (Tribu)
1484 1155 1582 1200 Vol.
1615 1157 1692 1211 (sic
1721 1170 1830 1199 unus
1858 1157 1922 1200 vel
1951 1157 2061 1199 alter

335 1243 384 1270 ex
403 1226 741 1281 descriptoribus,
762 1225 828 1266 Vo
847 1258 856 1267 .
876 1258 884 1266 .
903 1258 912 1268 .
931 1258 940 1275 ,
969 1225 1010 1267 V
1026 1258 1036 1268 .
1057 1258 1065 1266 .
1085 1258 1093 1267 .
1118 1224 1218 1276 alii,·
1238 1225 1338 1269 Vot.
1360 1239 1517 1279 quoque
1543 1224 1701 1267 olicitur
1720 1228 1934 1280 exceptum
1958 1225 2060 1280 esse)

335 1301 361 1340 t.
377 1297 579 1339 urbanus,
613 1293 857 1350 [Quaestor]
877 1294 1125 1349 provinciae
1141 1293 1347 1349 Afr[icae]
1369 1294 1427 1336 ib.
1461 1294 1641 1335 Praetor
1661 1294 1706 1335 in
1726 1293 1919 1349 con[silio
1941 1293 2058 1351 imp.]

336 1365 533 1408 Caesaris
563 1364 613 1405 L.
636 1362 819 1417 Aur[elii
842 1363 949 1404 Veri
970 1362 1100 1417 Aug]
1133 1363 1205 1418 (of.
1229 1362 1427 1405 Momms.
1450 1362 1635 1406 Staatsr.
1654 1362 1735 1405 112
1758 1377 1807 1417 p.
1827 1365 1908 1405 949
1926 1365 2012 1405 not.
2032 1365 2061 1405 3

334 1455 386 1468 --
419 1433 480 1475 II
482 1433 499 1457 3
523 1447 571 1487 p.
594 1434 674 1474 989
702 1446 744 1473 n.
765 1430 822 1485 3).
877 1430 1125 1486 Iu[ridicus]
1160 1464 1169 1473 .
1187 1464 1196 1473 .
1216 1464 1225 1473 .
1245 1464 1254 1474 .
1272 1431 1329 1486 (P)
1372 1432 1436 1486 (iu
1452 1464 1574 1475 .....
1604 1444 1714 1474 unus
1746 1434 1910 1474 tantum
1940 1446 1962 1474 e
1992 1431 2060 1474 de-

329 1501 619 1556 scriptoribus,
651 1499 806 1553 reliqui
825 1499 870 1541 II
889 1532 898 1542 .
918 1533 927 1541 .
946 1532 954 1541 .
977 1500 1040 1541 vel
1064 1499 1124 1542 IT
1144 1533 1154 1542 .
1172 1532 1182 1542 .
1202 1533 1211 1542 .
1229 1499 1271 1553 .).
1319 1499 1462 1542 Salius
1495 1499 1734 1554 [Palatinus
1755 1499 1818 1542 vel
1839 1498 2059 1554 Collinus;

335 1569 509 1624 sodalis]
542 1567 835 1611 Hadrianalis.
895 1567 1027 1610 Pater
1057 1567 1108 1610 T.
1139 1567 1278 1611 Sextii
1309 1567 1429 1622 Magi
1461 1600 1585 1610 .....
1618 1571 1647 1610 t.
1677 1569 1881 1611 urbanus.

251 1639 335 1681 464
365 1645 408 1681 Τ.
454 1643 663 1679 SEXTIVS
714 1642 998 1679 AFRICANVS
1055 1636 1249 1691 (Sextius
1296 1636 1528 1679 Africanus
1579 1637 1703 1688 Tac.,·
1751 1638 1840 1680 tria
1886 1638 2062 1680 nomina

335 1707 503 1761 saepius
549 1707 595 1748 in
640 1708 719 1748 act.
758 1705 888 1755 Aru,
933 1706 1031 1748 item
1074 1706 1120 1747 in
1166 1705 1316 1748 tabula
1360 1708 1506 1748 cerata
1550 1705 1844 1761 Pompeiana).
1922 1705 2061 1749 Claris

338 1774 552 1817 natalibus
590 1774 686 1816 Tac.
719 1788 757 1816 a.
790 1777 854 1824 13,
888 1777 950 1817 19.
992 1777 1058 1825 14,
1091 1777 1167 1825 46,·
1209 1774 1412 1816 oriundus
1444 1774 1602 1817 scilicet
1633 1789 1661 1817 a
1695 1775 1740 1817 T.
1769 1775 1915 1818 Sextio
1943 1789 2062 1830 quem

336 1847 515 1898 propter
544 1857 610 1885 res
639 1844 686 1885 in
714 1842 874 1896 Africa
905 1858 945 1885 a.
967 1846 1053 1886 712
1082 1846 1121 1886 et
1150 1843 1459 1897 insequentibus
1486 1846 1626 1897 qestas
1655 1841 1759 1896 (Dio
1788 1846 1855 1894 48,
1881 1847 1938 1887 21
1964 1857 2060 1898 seq„

338 1912 527 1966 Appian.
560 1912 597 1954 b.
629 1925 662 1953 c.
692 1915 730 1962 4,
761 1914 820 1955 52
849 1925 930 1966 seq.
960 1914 999 1963 5,
1031 1911 1104 1966 26)
1144 1913 1442 1966 imperatorem
1481 1912 1738 1967 appellatum
1777 1925 1863 1955 esse
1900 1915 2063 1955 constat

338 1995 387 2023 ex
415 1984 442 2024 t.
463 1980 698 2022 Formiano
718 1980 766 2023 X
784 1983 905 2031 6104,
939 1984 978 2022 et
995 1981 1070 2035 qui
1087 1981 1296 2034 Africani
1318 1995 1467 2023 nomen
1489 1980 1548 2023 acl
1567 1984 1762 2035 posteros
1782 1981 2063 2024 transmisisse

336 2048 522 2100 videtum
543 2052 673 2103 pater
703 2052 742 2091 et
770 2062 874 2102 avus
903 2050 1169 2104 iq'norantur.
1191 2075 1247 2080 -—
1267 2050 1438 2092 Iuniam
1469 2048 1662 2092 Silanam
1693 2065 1871 2092 uxorem
1903 2049 2063 2092 ducere

339 2117 546 2172 voluerat,
581 2117 656 2159 sed
677 2117 887 2160 deterruit
909 2132 1007 2160 eum
1027 2118 1272 2175 Agrippina
1298 2118 1396 2160 Tac.
1420 2132 1459 2160 a.
1480 2121 1546 2169 13,
1568 2121 1632 2162 19.
1682 2119 1838 2161 Frater
1861 2117 2060 2169 Arvalis;

344 2187 464 2228 adest
493 2187 539 2227 in
570 2185 749 2241 collegio
781 2186 861 2229 sub
885 2186 1067 2230 Claudio
1098 2194 1195 2243 post
1225 2202 1262 2232 a.
1285 2188 1352 2242 50,
1385 2186 1540 2228 deinde
1570 2202 1596 2229 a
1621 2187 1688 2242 57,
1721 2187 1788 2242 58,
1811 2187 1880 2239 59,
1901 2188 1968 2242 60,
1991 2187 2059 2241 63,

339 2255 394 2297 66
425 2258 505 2296 act.
536 2254 641 2296 Arv.
702 2254 863 2298 Consul
894 2256 989 2299 suff.
1020 2271 1058 2298 a.
1091 2256 1146 2298 59
1177 2270 1276 2298 cum
1305 2255 1366 2298 M.
1398 2254 1569 2298 Ostorio
1604 2255 1791 2312 Scapula
1820 2258 1900 2298 act.
1930 2255 2062 2307 Arv.;

341 2323 488 2365 tabula
518 2326 663 2365 cerata
692 2323 957 2378 Pompeiana
987 2339 1055 2379 ap.
1089 2324 1137 2367 de
1168 2323 1344 2366 Petram
1381 2338 1422 2366 n.
1454 2327 1547 2368 119.
1608 2323 1660 2366 Α.
1693 2325 1743 2366 61
1778 2338 1955 2366 censum
1985 2339 2063 2381 per

343 2390 507 2434 Gallias
547 2392 636 2446 egit
675 2407 762 2434 una
802 2407 900 2434 cum
940 2392 992 2446 Q.
1025 2392 1208 2435 Volusio
1239 2393 1514 2447 (Saturnino)
1546 2398 1588 2434 et
1618 2391 1834 2434 Trebellio
1870 2392 2060 2435 Maximo

347 2460 443 2503 Tac.
468 2474 506 2502 a.
530 2463 596 2511 14,
616 2463 683 2502 46.
704 2485 756 2490 ——
786 2460 984 2504 Consules
1007 2475 1057 2504 ex
1076 2461 1157 2504 hae
1177 2461 1296 2504 domo
1319 2461 1514 2515 fuerunt:
1550 2461 1595 2503 T.
1618 2461 1789 2504 Sextius
1808 2461 2059 2515 Africanus,

342 2542 452 2570 anno
466 2531 544 2579 59;
570 2529 615 2571 T.
639 2528 810 2572 Sextius
832 2530 1010 2585 Maqius
1030 2530 1285 2581 Lateranus,
1309 2544 1420 2572 anno
1443 2533 1519 2581 94;
1554 2530 1600 2572 Τ.
1622 2529 1789 2573 Sextius
1807 2529 2059 2584 Africanus,

344 2611 453 2639 anno
484 2600 590 2648 112;
636 2597 681 2639 Τ.
713 2597 882 2641 Sextius
914 2599 1156 2641 Lateranus
1169 2632 1179 2650 ,
1221 2612 1334 2640 anno
1363 2600 1443 2641 154
1453 2611 1467 2650 ,·
1511 2598 1556 2642 T.
1594 2598 1765 2641 Sextius
1803 2599 2058 2650 Lateranus,

346 2678 456 2707 anno
485 2667 580 2706 197.

258 2733 340 2775 465
371 2739 414 2774 Τ.
446 2738 651 2775 SEXTIVS
681 2740 963 2777 AFRICANVS
996 2733 1139 2790 (nepos
1168 2738 1277 2790 puto
1308 2736 1397 2778 eius
1427 2735 1498 2789 qui
1518 2734 1755 2790 praecedit)
1786 2734 1936 2777 consul
1967 2734 2060 2777 ord.

343 2816 380 2843 a.
415 2801 495 2843 112
527 2816 625 2842 cum
657 2802 843 2845 Traiano
875 2811 1045 2846 sextum
1075 2805 1184 2858 fasti
1211 2805 1316 2858 (tria
1342 2804 1517 2846 nomina
1544 2803 1671 2846 habet
1699 2802 1892 2858 Phlegon
1921 2803 1978 2857 fr.
2009 2805 2063 2846 54

347 2868 520 2919 Muell.,·
550 2869 599 2910 T.
633 2870 807 2912 Sextius
838 2871 906 2914 VI
927 2875 1012 2916 542
1022 2886 1035 2924 ,·
1059 2876 1284 2927 praeterea
1313 2872 1579 2927 Africanus).
1639 2872 1726 2915 Hic
1753 2871 1919 2914 violetur
1949 2870 2063 2914 Afri-

345 2952 477 2978 canus
518 2937 772 2991 con[sularis
812 2940 917 2994 vir],
960 2941 1009 2985 T.
1044 2941 1183 2984 Sextii
1212 2941 1272 2983 M.
1305 2941 1423 2984 Vibii
1452 2939 1640 2984 Secundi
1668 2941 1840 2983 Vestini
1880 2941 1940 2995 (n.
1960 2941 2059 2994 463)

346 3003 502 3046 sodalis
532 3005 821 3062 Hadrianalis,
853 3009 1087 3052 consiliarii
1119 3010 1170 3052 L.
1202 3010 1320 3064 Veri,
1354 3015 1476 3066 pater
1505 3008 1576 3051 vel
1607 3024 1714 3051 avus
1746 3008 1813 3051 VI
1833 3011 1953 3051 1518.

259 3074 364 3115 4652
381 3073 431 3116 T.
456 3072 629 3115 Sextius
650 3073 910 3130 Alexander,
943 3077 1076 3119 frater
1099 3078 1146 3121 O.
1172 3077 1310 3120 Sextii
1332 3077 1542 3120 Martialis
1568 3078 1860 3134 procuratoris
1886 3080 1913 3119 t.
1937 3077 2061 3120 Mac-

349 3141 561 3182 taritanus
591 3141 713 3183 VIII
734 3142 776 3186 S.
808 3147 956 3186 11813.

261 3209 343 3250 466
374 3209 422 3250 P.
456 3208 631 3251 Sextius
663 3209 883 3266 Calvinus,
927 3220 1069 3255 statua
1104 3214 1337 3256 honoratus
1369 3214 1569 3271 Thespiis
1598 3213 1735 3256 Inscr.
1766 3213 1919 3256 Graec.
1955 3216 2058 3268 sept.

346 3276 379 3318 I
402 3278 524 3320 1850.
586 3277 756 3320 Violetur
785 3280 936 3322 vixisse
959 3283 1152 3324 extremis
1181 3283 1338 3325 liberae
1357 3283 1422 3324 rei
1432 3298 1480 3337 p.
1505 3282 1771 3337 temporibus,
1805 3285 1880 3324 aut
1900 3282 2059 3336 primis

345 3345 645 3398 imperatorum
684 3345 997 3403 (Dittenberqer
1032 3349 1058 3393 l.
1091 3350 1154 3404 6.).
1224 3351 1439 3393 Oriundus
1472 3351 1562 3393 sine
1602 3350 1729 3393 dubio
1769 3364 1796 3392 a
1833 3349 1879 3392 O.
1912 3349 2058 3393 Seoetio
