2242 3672
206 224 508 270 SANQVINIVS
1076 220 1157 264 173
1861 224 2021 261 SAPOR

284 357 449 400 nummi
476 371 546 412 ap.
572 357 734 400 Eckhel
765 358 791 402 l.
824 373 857 402 c.
889 362 929 401 et
956 359 1152 402 Babelon
1179 374 1222 402 n.
1243 363 1282 402 1.
1303 362 1335 403 2
1365 356 1575 411 (nummus
1602 372 1672 413 ap.
1692 357 1888 402 Babelon
1917 372 1959 401 n.
1981 360 2020 408 6,

285 440 421 482 nuper
448 427 596 470 illatus
627 428 674 469 in
702 441 889 470 museum
919 429 1164 471 Parisiense
1178 463 1187 479 ‚
1218 430 1266 472 in
1294 429 1414 471 cuius
1445 428 1592 471 antica
1615 427 1835 483 Auyustus
1865 426 2021 469 dicitur

281 495 482 550 pontifeae
505 496 730 546 maximus,
759 497 970 550 yenuinus
993 497 1173 547 omnino,
1205 501 1253 540 ut
1281 497 1388 540 mihi
1417 496 1622 552 adfirmat
1640 495 1847 547 Babelon,
1878 494 2021 551 hybri-

285 563 364 606 dus
393 565 448 607 sit
477 578 642 608 necesse
671 564 762 615 est).

201 633 283 676 135
315 639 360 684 Q.
389 639 690 685 SANQVINIVS
722 633 776 687 Q.
798 633 840 688 f.,
874 633 994 676 tribu
1017 633 1135 689 Stel„
1169 641 1384 691 quaestor,
1418 634 1620 677 tribunus
1650 633 1802 691 plebis,
1834 638 2018 690 praetor,

285 702 518 758 proconsul
548 706 576 745 t.
606 702 879 745 suburbanus
899 702 933 744 I
952 705 1032 745 640
1054 723 1109 738 =
1136 702 1204 745 VI
1216 706 1341 747 1323.
1388 703 1481 746 Aut
1510 704 1649 758 frater
1681 703 1770 746 eius
1799 702 1873 757 qui
1889 715 2021 756 prae-

286 771 394 814 cedit
422 772 545 827 (natu
573 772 725 826 maior,
758 785 850 813 cum
885 772 1110 814 retinuerit
1140 786 1402 826 praenomen
1423 771 1686 827 paternwm),
1718 774 1806 822 aut,
1838 770 1885 813 id
1913 768 2024 824 quod

285 839 419 883 voluit
446 840 708 896 Borghesius
739 855 833 895 opp.
855 844 893 892 1,
914 843 1013 891 244,
1038 844 1180 895 pater.

201 909 288 951 136
319 916 363 960 Q.
396 916 696 961 SANQVINIVS
736 916 968 952 MAXIMVS
1012 909 1296 966 (Sanquinius
1336 910 1555 953 Maximus
1592 910 1690 953 Tac.
1725 925 1764 954 a.
1796 912 1836 960 6,
1865 913 1905 959 4,
1947 907 2022 950 Σα-

286 979 428 1025 ουΐνιος
457 978 637 1036 Μάξιμος
666 978 755 1022 Dio
783 981 851 1030 59,
884 982 950 1030 13,
992 978 1260 1035 Sanquinius
1298 979 1396 1023 Tac.
1430 993 1470 1021 a.
1503 983 1567 1028 11,
1602 982 1656 1021 18
1667 993 1680 1031 ;
1718 980 1765 1021 in
1800 977 2023 1021 consulatu

285 1047 339 1100 Q.
382 1047 680 1104 [SJanquinius
719 1047 768 1090 X
804 1051 908 1103 905,
949 1048 1028 1090 ubi
1062 1062 1325 1102 praenomen
1363 1062 1498 1103 nuper
1539 1048 1703 1091 demum
1742 1048 1891 1090 lectum
1928 1049 2020 1098 est).

283 1115 451 1158 Filium
470 1117 603 1171 fuisse
622 1117 687 1159 M.
712 1117 949 1171 Sanquinii
978 1117 1127 1172 (supra
1151 1131 1191 1158 n.
1214 1116 1325 1172 134),
1357 1120 1547 1171 nepotem
1578 1118 1666 1159 eius
1694 1118 1767 1172 qui
1787 1116 2020 1172 praecedit,

285 1186 461 1228 coniecit
497 1185 770 1241 Borghesius.
843 1184 1007 1228 Consul
1040 1185 1179 1240 (suff.)
1215 1185 1263 1227 X
1291 1188 1384 1236 905,
1426 1192 1526 1228 ante
1562 1202 1598 1227 a.
1623 1188 1678 1228 32
1714 1186 1812 1228 Tac.
1842 1200 1881 1227 a.
1908 1188 1946 1235 6,
1973 1188 1999 1226 4
2010 1197 2023 1235 ;

283 1254 479 1308 fortasse,
510 1257 559 1296 ut
590 1254 766 1297 coniecit
794 1253 980 1305 Henzen,
1014 1254 1084 1296 hic
1121 1253 1410 1309 [M]axim(us)
1448 1254 1598 1296 consul
1632 1255 1726 1297 suff.
1765 1271 1803 1297 a.
1836 1255 1890 1297 23
1917 1254 2025 1308 fasti

283 1323 387 1377 frat.
409 1323 515 1366 Arv.
538 1323 676 1379 (CIL.
694 1324 732 1366 ·Ι
755 1323 817 1366 ed.
838 1327 871 1367 2
889 1338 938 1378 p.
962 1322 1044 1377 71),
1078 1322 1306 1378 (Borqhesi
1325 1337 1419 1378 opp.
1441 1327 1468 1365 3
1494 1339 1541 1378 p.
1562 1327 1648 1367 326
1674 1325 1910 1366 coniecerat
1931 1337 2022 1365 eum

285 1392 494 1435 consulem
523 1393 656 1446 fuisse
688 1407 800 1435 anno
830 1392 918 1447 26).
975 1392 1126 1435 Verba
1156 1391 1261 1434 facit
1291 1393 1335 1433 in
1368 1399 1519 1435 senatu
1549 1409 1587 1436 a.
1621 1394 1676 1435 32
1709 1393 1810 1436 Tac.
1843 1407 1881 1435 a.
1914 1396 1952 1442 6,
1983 1395 2021 1434 4.

285 1460 340 1503 A.
362 1462 417 1504 39
451 1461 696 1518 praefectus
728 1460 826 1504 urbi
852 1461 942 1504 Dio
966 1464 1033 1513 59,
1057 1465 1127 1507 13.
1192 1460 1356 1504 Consul
1388 1463 1546 1504 iterum
1577 1462 1674 1504 suff.
1700 1478 1737 1504 a.
1763 1463 1818 1505 39
1850 1477 1905 1504 ex
1934 1459 2023 1502 kal.
2055 1495 2058 1497 ,

284 1529 538 1573 Februariis
568 1530 658 1573 Dio
694 1531 718 1575 l.
754 1544 787 1574 e.
850 1531 1042 1586 Legatus
1076 1545 1154 1587 pro
1185 1546 1250 1587 pr.
1283 1529 1545 1573 Germaniae
1577 1531 1814 1579 inferioris,
1858 1532 1902 1572 in
1938 1545 2025 1586 qua

285 1598 501 1654 legatione
531 1599 717 1642 decessit
744 1599 873 1657 paulo
905 1607 1007 1643 ante
1037 1615 1075 1644 a.
1098 1589 1152 1643 47
1190 1600 1287 1642 Tac.
1312 1614 1351 1644 a.
1372 1603 1441 1651 11,
1461 1603 1529 1643 18.

202 1668 282 1711 137
314 1668 520 1712 Saoterus
543 1669 683 1725 (semel
713 1676 889 1725 sauter-,
918 1670 983 1712 bis
1003 1675 1145 1712 soater
1167 1669 1356 1711 traditur
1375 1670 1448 1712 vit.
1467 1668 1656 1720 Comm.),
1683 1668 2025 1711 Nicomediensis

285 1737 375 1780 Dio
407 1740 475 1789 72,
507 1742 586 1789 12,
619 1737 847 1782 Commodi
879 1738 1172 1782 cubicularius
1204 1739 1274 1789 ib„
1309 1739 1502 1781 eiusdem
1534 1738 1737 1781 subactor
1766 1739 1837 1782 vit.
1867 1737 2023 1780 Oomm.

285 1811 326 1858 3,
358 1811 396 1857 6,
440 1806 625 1850 multum
666 1809 810 1864 potuit
847 1808 963 1865 apud
1000 1807 1284 1851 Commodum
1313 1808 1404 1850 Dio
1436 1808 1461 1850 l.
1492 1821 1546 1859 c.;
1587 1808 1678 1849 eius
1718 1808 1861 1862 gratia
1900 1807 2026 1848 Nico-

282 1876 579 1919 mediensibus
620 1893 646 1919 a
687 1883 841 1919 senatu
883 1892 1135 1920 concessum
1178 1872 1240 1919 ut*
1267 1891 1451 1932 agonem
1492 1878 1770 1919 instituerent
1808 1876 1897 1919 Dio
1934 1875 1960 1918 l.
1991 1889 2023 1918 o,

285 1944 551 1988 Commodus
591 1945 865 2002 triumphans
896 1945 954 2001 (a.
994 1945 1087 2000 180)
1129 1947 1174 1988 in
1215 1961 1348 1988 curru
1393 1961 1491 1988 eum
1531 1952 1628 2002 post
1667 1961 1714 1988 se
1753 1945 1917 1987 locavit
1953 1944 2025 1986 vit.

288 2013 446 2057 Gomm.
477 2018 517 2066 3,
545 2018 584 2059 6.
643 2015 751 2057 Eius
789 2015 952 2059 παιδικὰ
990 2015 1248 2057 Theocritus
1290 2016 1580 2069 pantomimus
1613 2014 1702 2057 Dio
1735 2018 1799 2067 77,
1831 2018 1890 2057 21
1922 2018 2023 2069 (exc.

290 2082 459 2140 Vales).
521 2083 633 2127 Cum
676 2084 861 2141 populus
902 2085 1124 2127 Romanus
1165 2085 1403 2141 potentiam
1443 2085 1533 2126 eius
1579 2084 1694 2126 ferre
1734 2099 1820 2126 non
1842 2116 1844 2118 -
1866 2088 2022 2140 posset,

284 2153 493 2209 praefecti
534 2154 751 2210 praetorio
794 2153 906 2196 clam
948 2169 1046 2196 eum
1077 2153 1334 2196 occiderunt
1362 2154 1435 2196 vit.
1464 2153 1622 2196 Comm.
1651 2157 1690 2203 4,
1722 2156 1749 2195 5
1781 2153 1968 2207 (occisus
2001 2159 2026 2193 a

285 2221 501 2265 Cleandro
533 2222 622 2265 Dio
654 2222 680 2265 l.
712 2223 780 2278 c.).
840 2223 941 2265 Non
972 2223 1108 2277 plane
1148 2225 1307 2265 certum
1344 2236 1446 2264 num
1476 2222 1588 2264 idem
1618 2222 1769 2264 Aelius
1802 2222 2023 2274 Saotems,

286 2291 399 2333 inter
437 2291 684 2334 sacerdotes
715 2291 869 2334 domus
901 2292 1127 2346 Augustae
1158 2291 1383 2333 Palatinae
1424 2290 1686 2333 clarissimos
1726 2291 1845 2333 viros
1878 2303 2023 2331 recen-

286 2361 393 2402 situs
424 2360 492 2402 VI
512 2364 625 2404 2010
658 2375 686 2403 a
716 2364 774 2404 29
816 2360 880 2416 (id
917 2360 1030 2414 quod
1069 2360 1245 2402 coniecit
1283 2360 1546 2414 Boryhesius
1576 2374 1670 2414 opp.
1700 2363 1728 2401 3
1754 2374 1801 2414 p.
1830 2358 1929 2413 23),·
1969 2358 2023 2412 cf.

287 2442 425 2483 supra
453 2429 497 2471 A
527 2433 624 2474 172.

212 2523 270 2528 —-
315 2504 498 2540 AELIVS
531 2504 804 2540 SAOTERVS.

212 2592 270 2596 —
315 2573 356 2609 C.
387 2574 562 2609 APPIVS
591 2572 852 2608 EVNOMIVS
886 2572 1200 2609 SAPIDIANVS.

212 2660 271 2665 —
319 2642 567 2678 CLAVDIVS
601 2641 910 2678 SAPILIANVS.

202 2705 283 2747 138
315 2705 455 2761 Sapor
487 2704 564 2756 (sic
593 2704 641 2746 de
671 2707 795 2746 mort.
819 2718 981 2758 perseo.
1002 2707 1042 2754 5,
1073 2705 1146 2747 vit.
1181 2704 1273 2747 Val.
1301 2709 1339 2755 4,
1362 2709 1400 2755 4,
1434 2705 1577 2748 Victor
1604 2706 1723 2749 Caes.
1744 2709 1816 2757 32,
1848 2707 1947 2748 item
1978 2706 2026 2748 de

287 2774 373 2816 alio
405 2774 571 2828 Sapore
600 2774 771 2828 saepius
800 2773 1081 2826 Ammianus;
1111 2775 1313 2833 Σαπώρης
1347 2774 1507 2818 Graeci
1516 2789 1529 2827 ,·
1570 2776 1619 2818 de
1655 2777 1823 2819 nomine
1853 2775 2026 2817 Persico

288 2843 342 2896 cf.
368 2842 580 2885 Noeldeke
591 2857 640 2897 p.
659 2846 687 2884 7
705 2845 790 2885 not.
807 2842 851 2896 3)
873 2842 1104 2885 Artaxaris
1137 2843 1437 2898 (Artaxerxis)
1469 2846 1584 2899 regis
1614 2844 1728 2887 filius
1758 2844 1827 2887 CI
1828 2844 1879 2887 G.
1895 2848 2004 2886 4676
2014 2857 2027 2895 ;

288 2910 509 2966 Syncellus
539 2926 587 2965 p.
619 2913 699 2952 681
731 2910 792 2953 ed.
824 2910 978 2962 Bonn.,
1013 2918 1056 2954 et
1085 2927 1310 2954 successor
1339 2913 1435 2956 Zos.
1469 2916 1507 2964 1,
1544 2916 1605 2964 18,
1638 2913 1854 2967 Ayatltias
1883 2916 1922 2962 4,
1953 2915 2023 2954 24.

291 2979 456 3022 Nomen
496 2982 535 3022 et
575 2979 879 3034 appellationes
909 2981 1062 3034 quibus
1091 2982 1292 3023 utebatur
1319 2981 1485 3025 Graece
1514 2996 1636 3024 versa
1667 2983 1711 3024 in
1742 2982 1864 3024 titulo
1900 2981 2024 3024 CIG.

286 3051 408 3092 4676.
470 3048 687 3102 Regnavit
728 3063 864 3090 annos
907 3064 1041 3091 unum
1083 3055 1125 3091 et
1165 3051 1345 3105 triginta
1374 3050 1590 3105 Ayathias
1620 3055 1657 3100 4,
1688 3054 1765 3101 24,·
1806 3049 2025 3104 Syncellus

289 3132 332 3171 p.
366 3119 459 3160 678.
495 3119 575 3159 680
615 3117 676 3159 ed.
718 3117 858 3159 Bonn.
902 3116 1093 3172 (reynum
1136 3119 1226 3161 eius
1265 3118 1482 3161 duravisse
1532 3122 1819 3173 computatum
1870 3121 1930 3160 est
1970 3118 2023 3159 ab

290 3200 330 3228 a.
345 3200 393 3240 p.
418 3185 520 3228 Chr.
543 3189 628 3228 241
660 3185 718 3227 ad
747 3200 785 3229 a.
808 3189 912 3237 272,
946 3187 1119 3229 testibus
1148 3187 1305 3230 tabulis
1332 3202 1476 3242 requm
1499 3187 1742 3238 Persarum,
1776 3199 1831 3229 ea:
1847 3200 2025 3240 quarum

287 3269 377 3296 una
402 3254 558 3310 pendet
586 3254 803 3309 Ayatliias
834 3255 860 3297 l.
892 3269 940 3305 c.,
974 3256 1028 3309 cf.
1058 3255 1270 3298 Noeldeke
1291 3271 1339 3310 p.
1362 3260 1432 3300 42.
1463 3256 1695 3310 412-416).
1746 3255 1814 3298 De
1842 3255 2025 3297 nummis

289 3324 378 3365 eius
408 3324 462 3377 cf.
490 3323 752 3378 Lonype'rier
778 3324 891 3366 essai
918 3337 993 3366 sur
1024 3324 1081 3366 les
1102 3324 1319 3368 me'dailles
1339 3324 1410 3367 des
1432 3324 1688 3367 Sassanides
1707 3322 1873 3380 [Paris.
1895 3323 2025 3379 1840]
