2242 3672
283 274 613 311 PRAXAGORAS
1153 263 1209 305 94
1784 265 2085 304 PRIFERNIVS

281 407 364 449 689
395 407 691 458 Praxagoras,
723 401 1020 454 Atheniensis,
1054 398 1243 441 Herodis
1272 397 1407 441 Attici
1435 397 1481 440 in
1511 412 1558 439 re
1588 396 1765 454 publica
1792 397 1984 453 gerenda
2013 397 2090 441 ad-

366 473 580 515 versarius
617 470 823 512 Philostr.
854 469 925 510 vil.
955 467 1072 523 soph.
1107 471 1150 518 2,
1183 471 1222 518 1,
1253 470 1306 509 11
1336 481 1385 521 p.
1416 469 1513 510 241.
1583 464 1773 521 Ael(ius)
1814 466 2090 521 Praxagoras

365 543 469 587 CIA
489 542 576 584 III
598 542 691 582 907.
747 536 815 591 Cf.
845 536 950 579 GIA
970 536 1061 578 III
1083 538 1197 579 1283
1227 538 1266 578 et
1294 534 1596 590 Dittenberyer
1626 534 1684 577 ad
1709 534 1814 578 C'IA
1834 535 1924 578 III
1940 538 2033 581 676.

282 615 364 657 690
394 609 512 668 [T.?]
544 607 782 651 Prifernius
812 606 971 647 Paetus
1001 604 1232 646 Memmius
1261 603 1541 660 Apollinaris
1596 597 1750 646 Tituli:
1780 603 1992 647 Reatinus
2020 604 2092 647 IX

364 682 470 724 4753
491 676 574 734 (1);
602 675 765 718 Celeias
791 673 880 716 III
899 675 1009 716 5179
1040 673 1118 730 (2).
1172 672 1337 715 Nomen
1366 673 1576 727 inteyrum
1602 675 1631 715 t.
1655 675 1694 723 1,
1725 673 1802 715 ubi
1831 672 2092 730 Mommsen:

370 748 463 802 „‘T.
485 744 714 788 Prifernio'
730 742 914 797 priores,
935 740 1047 796 quod
1056 755 1333 796 praenomen,
1366 741 1463 783 lieet
1481 741 1597 796 filius
1621 741 1671 783 P.
1695 741 1723 784 f.
1748 741 1928 793 dicatur,
1950 744 2094 797 potest
2159 788 2162 790 ,

364 814 549 864 retineri,
579 813 619 855 si
646 824 789 854 sumas
810 813 982 865 patrem
1002 809 1054 852 P.
1078 810 1329 852 Memmium
1349 809 1647 864 Apollinarem
1666 812 1767 865 post
1786 812 1935 853 natum
1954 809 2092 865 filiwm

364 887 403 926 et
432 882 741 935 emancipatum
771 894 798 921 a
824 879 870 921 T.
892 878 1115 933 Prifernio
1140 878 1322 933 quodam
1352 875 1601 933 adoptatum
1630 892 1727 930 esse,
1751 882 1924 934 patrem
1951 881 2091 922 autem

362 953 402 995 ei
440 950 628 994 adscribi
669 947 948 991 naturalem.“
1011 947 1189 989 Memmi
1227 946 1372 1004 Apoll.
1415 951 1444 990 t.
1476 951 1519 991 2.
1579 947 1628 990 Ρ.
1660 945 1712 1002 f.,
1755 946 1874 990 tribu
1904 947 2092 1002 Quirina

363 1023 390 1062 t.
415 1023 454 1064 1.
493 1018 632 1060 Donis
664 1017 847 1059 donatus
878 1015 1154 1073 expeditione
1179 1016 1346 1059 Dacica
1376 1015 1435 1070 (a.
1458 1019 1544 1059 102
1570 1019 1620 1059 ut
1647 1015 1823 1067 videtur,
1857 1029 1950 1058 eum
1979 1016 2093 1059 absit

363 1087 572 1142 secunda)
603 1086 658 1129 ab
689 1087 792 1142 imp.
824 1086 1012 1128 Traiano
1047 1085 1170 1128 hasta
1200 1100 1333 1141 pura,
1364 1084 1547 1140 vexillo,
1586 1099 1746 1127 corona
1777 1084 1955 1139 murali,
1994 1099 2091 1141 pro-

362 1162 534 1199 curator
563 1155 812 1212 provinciae
844 1153 1018 1197 Siciliae
1049 1152 1120 1208 (ef.
1155 1154 1289 1196 Klein
1319 1153 1404 1197 VB
1431 1153 1465 1196 I
1478 1169 1527 1208 p.
1548 1153 1660 1208 184),
1702 1152 1956 1210 prccurator
1993 1168 2092 1211 pro-

359 1225 529 1267 vinciae
549 1224 812 1272 Lusitaniae,
835 1228 1091 1279 procurator
1115 1223 1346 1264 vicesimae
1366 1221 1683 1278 hereditatium,
1715 1228 1971 1278 procurator
1992 1237 2089 1279 pro-

361 1294 539 1346 vinciae.
552 1292 764 1334 Thraciae
793 1294 821 1334 t.
842 1295 881 1336 1.
927 1292 1189 1334 Procurator
1219 1290 1408 1345 Augusti
1438 1291 1690 1347 provinciae
1718 1291 1905 1334 Noricae
1935 1294 1963 1334 t.
1985 1294 2024 1334 1.
2045 1294 2088 1342 2,

367 1364 558 1406 Traiano
589 1361 724 1403 adhue
754 1361 859 1402 vivo.
911 1360 1043 1401 Pater
1068 1360 1115 1402 P.
1139 1359 1332 1401 Memmii
1364 1361 1414 1402 P.
1445 1359 1474 1404 f.
1497 1359 1685 1413 Quirina
1703 1358 1970 1416 Apollinaris
1999 1362 2090 1404 t.11.

359 1431 593 1486 Adoptavit
621 1428 850 1483 Boryhesii
890 1426 934 1480 (8
956 1443 1003 1483 p.
1034 1430 1117 1471 389
1146 1431 1250 1484 sqq.)
1292 1427 1458 1482 quidem
1495 1428 1706 1471 sententia
1738 1427 1783 1471 T.
1815 1427 2091 1483 Prifernium

363 1500 460 1543 Sex.
491 1500 523 1553 f.
557 1498 736 1541 Paetum
766 1497 1005 1539 Rosianum
1031 1496 1255 1540 Geminum
1285 1497 1342 1552 (n.
1373 1499 1485 1553 691),
1525 1496 1635 1551 quod
1662 1497 1755 1540 vide
1783 1510 1885 1539 num
1906 1495 2094 1551 probari

363 1570 514 1625 possit.

275 1639 355 1681 691
387 1644 429 1680 Τ.
451 1641 751 1679 PRIFERNIVS
784 1640 974 1677 PAETVS
1005 1640 1250 1676 ROSIANVS
1273 1640 1497 1676 GEMINVS
1524 1640 1658 1690 pater.
1705 1633 1840 1677 Tituli
1867 1633 2090 1689 Ostienses,

360 1707 440 1749 XI
445 1706 581 1749 V246
610 1703 683 1759 (1).
724 1705 809 1746 250
830 1705 910 1758 (2).
971 1702 1137 1745 Nomen
1166 1703 1376 1758 inteqrum
1407 1706 1435 1745 t.
1459 1706 1498 1747 1.
1530 1706 1574 1747 2.
1634 1704 1849 1745 Rosianus
1881 1702 2092 1747 Geminus

361 1774 480 1816 Plin.
503 1774 562 1815 ad
586 1773 704 1816 Trai.
725 1776 795 1816 26.
845 1773 1054 1816 Geminus
1081 1772 1188 1827 (var.
1212 1772 1301 1816 lect.
1325 1772 1568 1827 Geminius)
1589 1772 1709 1815 Plin.
1732 1787 1801 1827 ep.
1816 1771 1935 1814 alibi.
1986 1771 2090 1817 Sex·

359 1842 416 1886 fil.
439 1846 466 1888 t.
489 1846 526 1886 1.
547 1846 591 1885 2.
642 1841 776 1884 Tribu
801 1841 984 1895 Quirina
1014 1841 1066 1895 ef.
1098 1841 1236 1896 filium
1266 1838 1323 1893 (n.
1346 1840 1461 1895 692).
1507 1840 1654 1883 Filius
1683 1840 1899 1883 naturalis
1926 1839 2091 1882 videtur

362 1912 460 1955 Sex.
491 1911 617 1953 Rosii
652 1909 824 1953 Gemini
852 1909 1093 1960 cuiusdam,
1132 1909 1361 1964 adoptatus
1389 1909 1617 1964 Boryhesii
1645 1912 1690 1964 (8
1720 1924 1768 1964 p.
1788 1910 1891 1966 392)
1922 1907 2088 1964 quidem

359 1980 566 2022 sententia
606 1979 659 2021 ab
701 1992 746 2021 eo
787 1978 861 2032 qui
889 1977 1113 2032 praeeedit
1144 1976 1202 2030 (n.
1232 1977 1344 2032 690).
1405 1977 1622 2031 Quaestor
1653 1977 1702 2020 O.
1732 1976 1863 2020 Plinii
1894 1975 2087 2021 Secundi

361 2047 547 2090 consulis
577 2063 614 2092 a.
639 2048 721 2090 100
742 2046 861 2089 Plin.
895 2046 953 2088 ad
976 2044 1092 2089 Trai.
1113 2050 1184 2090 26.
1229 2046 1401 2089 Ibidem
1430 2060 1523 2088 eum
1553 2046 1721 2089 dicatur
1751 2061 1807 2088 ex
1837 2045 2087 2088 commilitio

361 2117 548 2159 Traiano
576 2121 716 2167 notus,
745 2115 910 2158 videtur
941 2115 1135 2157 tribunus
1164 2115 1346 2157 militum
1375 2115 1619 2169 interfuisse
1651 2115 1769 2158 bellis
1798 2114 1997 2165 Daeieis‚
2029 2114 2084 2168 ef.

360 2185 479 2229 Plin.
500 2184 587 2227 ind.
605 2184 843 2226 Mommsen
854 2198 902 2238 p.
916 2186 1014 2227 423.
1038 2182 1244 2238 Lugduni
1265 2184 1307 2226 in
1322 2182 1467 2227 Gallia
1486 2190 1681 2226 moratur
1697 2183 1751 2238 (c.
1764 2199 1802 2227 a.
1818 2182 2085 2238 109-111):

360 2254 479 2297 Plin.
502 2268 563 2308 ep.
587 2256 625 2303 9,
648 2256 714 2304 11,
736 2256 779 2296 2.
831 2253 1030 2294 Honores
1061 2253 1107 2294 in
1137 2252 1244 2295 urbe
1272 2253 1429 2308 gessit3
1461 2253 1675 2295 Traianus
1705 2252 1962 2308 dignitatem
1992 2252 2085 2294 eius

360 2328 540 2364 exornet
582 2324 706 2376 royal
749 2321 919 2363 Plinius
963 2321 1022 2363 ad
1069 2321 1192 2363 Trai.
1228 2324 1300 2365 26.
1384 2322 1598 2363 Patronus
1643 2320 1814 2376 collegii
1859 2320 2086 2364 cuiusdam

360 2391 571 2434 Ostiensis
601 2406 638 2434 a.
662 2390 745 2433 140
776 2393 804 2432 t.
827 2394 853 2433 1
883 2395 925 2432 et
954 2389 1064 2432 alius
1095 2389 1262 2444 collegii
1282 2406 1320 2435 a.
1344 2391 1424 2433 152
1446 2394 1473 2435 t.
1495 2394 1538 2433 2.
1583 2390 1658 2433 Ad
1676 2390 1850 2433 eundem
1867 2388 2086 2445 scripsisse

357 2460 519 2501 videtur
540 2459 714 2501 Plinius
735 2473 797 2513 ep.
820 2462 857 2509 7,
879 2462 918 2501 1.
939 2462 1020 2510 24;
1040 2462 1079 2510 8,
1100 2461 1141 2502 5.
1162 2463 1247 2510 22;
1268 2462 1307 2509 9,
1329 2462 1395 2501 11.
1416 2462 1483 2502 30.
1531 2459 1664 2502 Pater
1684 2459 1772 2502 eius
1791 2459 1866 2513 qui
1881 2458 2082 2513 sequitur.

273 2529 356 2570 692
387 2534 429 2572 T.
452 2533 752 2569 PRIFERNIVS
774 2534 964 2569 PAETVS
987 2533 1233 2570 ROSIANVS
1256 2534 1479 2570 GEMINVS
1510 2527 1636 2572 filius.
1693 2527 1827 2570 Tituli·
1853 2526 2085 2570 Ostienses.-

357 2596 438 2638 XI
443 2596 484 2638 V
503 2599 587 2639 246
618 2594 700 2649 (1);
738 2599 825 2638 247
853 2593 942 2652 (2);
979 2597 1170 2638 urbanus
1201 2596 1269 2639 VI
1291 2599 1399 2639 1499
1429 2596 1513 2654 (3);
1547 2596 1735 2638 Pisanus
1763 2595 1845 2638 XI
1865 2598 1972 2638 1431
2000 2592 2086 2650 (4);

356 2664 587 2707 Cirtenses:
632 2663 750 2705 VIII
784 2666 889 2706 7059
930 2664 1089 2719 integer
1129 2662 1200 2722 (5).
1245 2668 1352 2707 7060
1381 2663 1453 2719 (6),
1497 2668 1603 2707 7061
1632 2667 1691 2720 (7)
1730 2663 1871 2706 mutili
1882 2677 1896 2716 ;
1944 2663 2085 2718 teyula

358 2747 494 2787 prope
531 2731 787 2774 Cliterniam
826 2746 913 2786 rep.
946 2733 1028 2774 IX
1055 2736 1186 2784 6078,
1229 2737 1283 2776 16
1312 2733 1396 2789 (8);
1435 2733 1603 2788 fistulae
1634 2732 1860 2788 plumbeae
1899 2733 1946 2774 in
1978 2746 2082 2787 ayro

355 2800 528 2843 Albano
557 2814 644 2854 rep.
676 2799 801 2842 XIV
821 2803 933 2853 2434
963 2800 1036 2856 (9).
1099 2801 1263 2844 Nomen
1302 2803 1511 2857 inteyrum
1540 2805 1568 2844 t.
1600 2805 1639 2844 1.
1669 2806 1724 2853 2;
1764 2834 1774 2843 .
1793 2834 1802 2844 .
1820 2802 1892 2844 nio
1926 2836 1937 2846 .
1955 2802 2082 2846 .iano

359 2869 542 2913 Gemino
571 2871 599 2912 t.
623 2871 651 2910 3
661 2883 672 2922 τ,
703 2868 753 2910 T.
785 2868 973 2910 Priferni
1002 2870 1125 2912 Paeti
1157 2873 1184 2912 t.
1208 2874 1256 2922 9,·
1285 2869 1376 2926 [T]
1407 2870 1513 2915 Prif.
1539 2871 1659 2913 Paet.
1692 2873 1720 2914 t.
1740 2873 1793 2922 8,·
1820 2868 1927 2913 Prif.
1956 2869 2081 2912 Paeti

357 2940 387 2981 t.
417 2942 474 2989 4,·
512 2937 724 2979 Rosianus
756 2937 964 2980 Geminus
995 2928 1023 2980 t.
1053 2941 1104 2989 5,·
1143 2938 1305 2993 Diyest.
1336 2941 1404 2989 48,
1434 2941 1474 2989 5,
1505 2942 1544 2990 6,
1575 2942 1630 2990 2;
1660 2936 1931 2994 Rosian[i..]
1970 2940 2000 2982 t.
2033 2940 2082 2989 7;

357 3007 421 3048 Ro
442 3039 451 3047 .
469 3038 478 3047 .
503 3008 529 3046 t.
551 3008 589 3048 6.
626 3003 836 3047 Geminus
856 3005 1020 3060 Diyest.
1036 3009 1103 3058 48,
1125 3011 1163 3058 6,
1186 3011 1224 3050 6.
1255 2999 1357 3051 T.'f.
1381 3010 1409 3051 t.
1425 3010 1464 3049 1.
1485 3011 1529 3051 2.
1550 3011 1589 3050 4.
1622 3006 1762 3049 Tribu
1783 3006 1969 3060 Quirina
1988 3009 2017 3049 t.
2035 3010 2080 3050 2.

357 3073 532 3128 F(ilius)
563 3072 737 3115 additur
766 3074 812 3115 in
842 3074 905 3116 tit.
936 3078 974 3125 1,
1006 3075 1165 3118 seilicet
1193 3076 1281 3118 eius
1310 3076 1385 3130 qui
1403 3075 1646 3130 praeeedit,
1678 3089 1771 3118 cum
1798 3076 1837 3118 is
1866 3075 1913 3118 in
1942 3074 2084 3118 eodem

358 3142 479 3185 titulo
507 3141 756 3185 nominetur.
802 3142 1041 3185 Proconsul
1061 3142 1254 3186 Achaiae
1283 3147 1311 3188 l.
1331 3146 1371 3194 5,
1404 3158 1437 3186 e.
1471 3158 1510 3186 a.
1532 3147 1612 3186 131
1635 3146 1815 3198 propter
1844 3143 1896 3188 P.
1924 3143 2083 3186 Paetu-

355 3211 439 3253 mei
464 3208 693 3252 Clementis
733 3209 861 3264 leyati
898 3211 967 3253 sui
1005 3225 1172 3254 cursum
1211 3212 1416 3255 honorum
1455 3212 1510 3266 ef.
1540 3226 1674 3267 supra
1711 3226 1752 3256 n.
1783 3214 1852 3256 25.
1918 3211 2081 3255 Consul

357 3282 385 3322 t.
401 3281 440 3321 4.
458 3280 498 3328 8,
522 3276 721 3328 suffectus
742 3291 775 3319 e.
793 3293 833 3320 a.
850 3282 942 3320 133.
974 3279 1223 3322 Hadrianus
1245 3280 1300 3322 ad
1321 3295 1421 3322 eum
1442 3281 1663 3337 rescripsit
1677 3280 1840 3335 Diyest.
1854 3282 1921 3330 48,
1938 3281 1977 3330 5,
1994 3282 2032 3330 6,
2049 3283 2082 3323 2

358 3346 449 3399 (ubi
480 3346 550 3387 vix
581 3348 711 3400 pater
749 3346 1076 3402 intelleyendus).
1137 3349 1352 3391 Patronus
1392 3347 1562 3404 collegii
1601 3348 1828 3392 cuiusdam
1867 3347 2078 3392 Ostiensis
