2242 3672
14 3516 23 3527 r.
17 3466 24 3474 λ
11 3441 18 3456 ,.
0 3027 21 3433 ffiWqfflufflWWW‘W'KOEQV'ffl‘
0 2950 14 3019 ''⁴2¹5'1's
9 2937 10 2940 „
0 2923 3 2926 “
0 2904 2 2909 “
0 2878 11 2896 μ’·
0 2852 10 2869 ν’
0 2808 7 2844 '⁷'
0 2786 9 2798 ⁸¹⁷
0 2753 15 2759 T
0 2711 6 2731 ⁴⁰*
0 2681 8 2696 f‘
0 2658 3 2660 ’
0 2571 3 2575 ’
0 2537 1 2540 ⁴

129 280 381 321 VALERIVS
997 276 1081 319 373
1698 283 1952 319 VALERIVS

111 411 212 456 '104
243 420 284 457 Ρ.
307 420 560 457 VALERIVS
591 420 874 457 PATRVINVS
906 415 1057 458 consul
1089 416 1186 460 suff.
1213 432 1251 459 a.
1274 417 1330 460 82
1360 431 1508 459 mense
1527 415 1610 459 Iul.
1632 415 1834 471 (fortasse
1855 431 1954 460 cum

210 482 263 526 L.
306 482 499 526 Antonio
539 484 794 538 Saturnino)
833 484 916 527 IX
940 486 1066 529 5420.
1137 485 1225 528 Hie
1263 485 1428 528 videtur
1468 486 1518 528 P.
1549 484 1784 541 Vale[rius]
1828 519 1866 529 ..
1886 519 1951 542 ..,

213 557 439 607 cooptatus
471 567 510 594 a.
541 552 590 594 91
628 554 703 607 (an
734 552 993 607 Vespasiano
1024 553 1308 608 imperante&
1340 555 1455 596 inter
1486 553 1654 597 sodales
1685 554 1953 609 Augustales

220 619 289 662 VI
311 623 420 663 1988
455 641 510 655 =
550 621 678 663 XIV
697 624 827 666 2392.
857 622 859 624 ’
903 622 1135 665 Praeterea
1178 622 1304 665 huius
1349 624 1533 677 fortasse
1579 623 1734 665 liberta
1773 623 1954 667 Valeria

206 689 407 731 Patruini
439 689 464 730 l.
492 689 645 745 Tyche
674 691 830 744 m(ater
841 690 881 743 ‘?)
913 691 961 734 P.
993 691 1158 733 Valerii
1192 691 1343 734 Severi
1375 691 1418 733 V
1438 694 1547 734 6454
1574 692 1768 748 (Ticini).

128 758 208 802 105
240 757 445 800 Valerius
488 757 720 808 Paulinus,
764 760 974 801 oriundus
1014 761 1128 802 Foro
1171 759 1256 803 Iuli
1301 761 1399 803 Tae.
1441 760 1481 803 h.
1512 763 1551 811 3,
1583 763 1648 803 43.
1724 761 1951 805 Tribunus

208 826 396 869 cohortis
430 829 674 883 praetoriae
704 828 760 870 ib.
812 828 865 871 A.
899 829 955 870 69
987 835 1240 885 procurator
1270 829 1460 884 (Galliae
1490 829 1821 885 Narbonensis),
1853 845 1949 886 pro-

210 895 420 938 vinciales
452 897 495 937 in
527 896 662 939 verba
683 897 956 954 Vespasiani,
989 899 1112 940 cuius
1144 899 1368 941 etiamtum
1403 899 1564 955 privati
1596 899 1739 942 fuerat
1769 900 1947 954 amicus,

209 964 371 1019 adigit3
414 964 599 1006 Fabium
629 964 881 1020 Valentem,
925 967 999 1023 qui
1031 966 1220 1010 Galliam
1253 966 1585 1010 Narbonensem
1623 966 1793 1022 ingredi
1823 983 1949 1025 para-

171 1041 351 1089 ·vverat,
377 1066 381 1069 -
410 1035 552 1076 missis
606 1033 860 1077 Liburnicis
915 1036 1031 1092 apud
1088 1036 1353 1079 Stoechadas
1398 1036 1737 1079 Massiliensium
1783 1036 1948 1080 insulas

210 1104 426 1159 oppressit
471 1103 567 1146 Tae.
601 1103 627 1146 l.
660 1117 694 1145 o.
765 1103 854 1146 Hie
891 1107 940 1146 ut
978 1104 1144 1146 videtur
1184 1104 1415 1158 Paulinus,
1457 1105 1705 1161 praefectus
1747 1105 1939 1163 Aegypti

211 1187 435 1215 successor
455 1172 522 1214 Ti.
545 1171 645 1214 Iulii
667 1173 797 1228 Lupi,
820 1173 1060 1229 imperante
1082 1174 1353 1230 Vespasiano
1370 1174 1537 1229 Ioseph.
1562 1174 1655 1217 bell.
1676 1177 1715 1225 7,
1742 1178 1808 1226 10,
1831 1178 1869 1219 4.
1891 1200 1948 1205 -

207 1241 343 1284 Pater
372 1241 435 1284 vel
466 1254 570 1283 avus
600 1239 644 1285 G.
683 1241 846 1283 Valerii
874 1241 1056 1284 Paulini
1086 1242 1270 1285 consulis
1287 1258 1339 1286 a.
1372 1246 1467 1286 107.

124 1311 207 1354 106
238 1309 441 1353 Valerius
472 1310 683 1352 Paulinus
714 1310 924 1366 medicus,
956 1311 1146 1354 Galenus
1176 1312 1312 1354 XIII
1327 1327 1374 1366 p.
1396 1315 1521 1357 1025.
1553 1317 1678 1358 1026.
1711 1316 1835 1357 1027.

126 1380 207 1424 107
238 1386 492 1422 VALERIVS
524 1386 784 1434 PAVLINVS,
819 1381 863 1421 in
886 1395 1017 1422 causa
1039 1379 1139 1422 Iulii
1162 1381 1287 1423 Bassi
1310 1382 1571 1424 sententiam
1593 1382 1700 1424 dicit
1727 1383 1771 1423 in
1794 1388 1947 1424 senatu

125 1500 127 1502 Γ
205 1465 244 1495 a.
271 1450 351 1492 103
371 1448 443 1491 vel
468 1449 549 1491 104
571 1448 690 1491 Ptin.
711 1463 772 1502 ep.
795 1452 834 1498 4,
854 1452 893 1499 9,
915 1453 987 1492 20.
1010 1453 1084 1492 21.
1133 1449 1263 1492 Reete
1292 1449 1459 1492 videtur
1489 1452 1686 1493 statuisse
1709 1450 1948 1493 Mommsen

205 1518 309 1575 (ind.
342 1518 496 1574 Ptin),
541 1532 634 1560 eum
665 1521 763 1559 tune
795 1518 994 1572 temporis
1023 1519 1156 1572 fuisse
1187 1519 1471 1570 consularem;
1511 1519 1699 1562 diversus
1728 1520 1861 1574 iyi‘tur
1891 1520 1945 1562 ab

206 1603 253 1632 eo
282 1589 357 1643 qui
385 1588 585 1642 sequitur,
619 1587 692 1641 qui
722 1601 834 1629 anno
862 1587 1026 1629 demum
1046 1591 1131 1629 107
1158 1587 1303 1630 consul
1332 1588 1475 1642 faetus
1504 1591 1576 1630 est.
1627 1589 1735 1631 Item
1762 1589 1947 1642 fortasse

205 1658 273 1700 hie
305 1658 453 1712 potius
492 1670 620 1710 quam
659 1656 696 1698 is
736 1656 809 1710 qui
846 1657 1036 1710 sequitur
1065 1655 1154 1710 (O.)
1185 1655 1388 1699 Valerius
1420 1656 1632 1699 Paulinus
1665 1656 1946 1711 (praenomen

155 1758 160 1774 2,
204 1718 420 1781 colligitur
450 1739 501 1767 ex
531 1725 778 1767 libertorum
810 1724 1194 1778 praenominibus),
1237 1726 1332 1782 qui,
1379 1732 1576 1782 ‘excepto
1614 1725 1815 1768 Paulino‘
1850 1724 1945 1777 (hoe

202 1787 471 1848 vix'sanum)
503 1795 572 1836 ius
608 1795 865 1836 Latinorum
904 1809 1082 1836 suorum
1113 1794 1256 1836 Plinio
1289 1794 1585 1849 (testamento)
1618 1794 1943 1852 reliquit'Plin.

171 1878 176 1882 “
203 1879 266 1920 ep.
288 1864 347 1907 ad
371 1863 492 1907 Trai.
509 1867 613 1915 104;
634 1878 690 1905 cx
712 1863 872 1920 quibus
895 1870 981 1905 tres
1002 1864 1220 1906 Traianus
1242 1863 1372 1906 Plinii
1404 1870 1561 1918 rogatu
1588 1864 1704 1905 cives
1726 1864 1944 1907 Romanos

203 1933 308 1975 fecit
340 1933 397 1975 ib.
430 1934 523 1974 105.

121 2002 202 2045 108
234 2009 274 2045 c.
306 2008 560 2044 VALERIVS
592 2007 875 2042 PAVLLINVS
903 2001 970 2054 (C.
996 2000 1198 2043 Valerius
1221 2000 1447 2043 Paullinus
1480 2001 1582 2056 dipl.
1605 2001 1708 2052 mil„
1741 2002 1943 2045 Valerius

203 2070 414 2114 Paulinus
456 2070 599 2112 Plinii
636 2070 766 2112 eodem
802 2070 848 2111 F
852 2070 1085 2112 lorentinus
1124 2071 1169 2112 in
1204 2071 1480 2124 inscriptione
1520 2085 1582 2124 ep.
1614 2074 1661 2121 4,
1704 2074 1770 2121 16,
1815 2071 1945 2114 codex

201 2139 637 2183 Ashburnhamianus
677 2154 738 2193 ep.
778 2143 824 2189 5,
868 2143 947 2190 19;
991 2143 1220 2193 praeterea
1265 2139 1476 2180 Paulinus
1528 2138 1752 2194 [Paulinus
1798 2141 1942 2197 Nepos

203 2210 364 2253 codices
385 2209 559 2263 quidam
578 2209 635 2250 ib.
657 2213 701 2259 2,
723 2211 767 2259 2,
800 2223 917 2250 mera
949 2209 1194 2262 confusione
1215 2223 1308 2250 eum
1330 2223 1375 2250 eo
1398 2209 1468 2250 eui
1486 2202 1696 2262 insempta
1717 2223 1778 2262 ep.
1801 2213 1843 2259 2,
1865 2209 1940 2263 3]).

204 2279 386 2330 Amicus
417 2277 547 2329 Plinii
580 2277 635 2319 ad
666 2292 795 2333 quem
826 2277 896 2318 hic
926 2277 1047 2319 dedit
1078 2276 1284 2333 epistulas
1315 2292 1376 2331 ep.
1400 2281 1443 2327 2,
1465 2280 1509 2320 2.
1540 2281 1580 2327 4,
1600 2280 1666 2318 16.
1687 2280 1810 2328 5,19.
1841 2281 1879 2328 9,
1900 2281 1939 2322 3.

202 2352 240 2399 9,
260 2351 326 2391 37,
375 2346 562 2389 Praedia
592 2346 784 2402 possidet
805 2347 918 2388 Foro
942 2346 1024 2388 Iuli
1056 2347 1112 2388 ib.
1133 2349 1173 2395 5,
1195 2350 1248 2388 19
1280 2346 1504 2401 (oriundus
1532 2346 1666 2399 iyitur
1693 2346 1785 2387 sine
1816 2346 1942 2388 dubio

203 2433 231 2460 a
262 2417 432 2460 Valerio
463 2415 649 2458 Paulino
681 2416 817 2457 amieo
850 2415 1114 2469 Vespasiani,
1156 2416 1318 2469 oriyine
1349 2414 1661 2466 Foroiuliensi,
1694 2416 1748 2468 of.
1778 2415 1940 2470 supra).

202 2486 372 2530 Plinius
403 2484 518 2541 apud
542 2499 642 2526 cum
663 2499 708 2525 se
731 2490 923 2538 excusat,
958 2483 1074 2539 quod
1107 2498 1193 2525 non
1221 2484 1367 2525 statim
1398 2484 1503 2539 ipsis
1534 2482 1748 2537 kalendis,
1781 2483 1941 2539 quibus

203 2554 472 2598 consulatum
495 2542 702 2596 ¹initurus
746 2559 860 2607 erat,
903 2567 999 2594 eum
1032 2553 1206 2594 visurus
1248 2553 1303 2594 sit
1334 2552 1453 2594 Ptin.
1486 2566 1548 2606 ep.
1581 2555 1618 2602 9,
1651 2555 1718 2593 37.
1777 2551 1940 2594 Consul
2001 2565 2005 2570 ·

199 2624 296 2666 suff.
336 2638 484 2665 mense
523 2623 635 2665 Nov.
678 2638 716 2664 a.
750 2622 830 2664 107
873 2637 971 2664 cum
1013 2622 1064 2664 L.
1106 2621 1219 2664 Iulio
1257 2621 1458 2676 Longino
1500 2621 1600 2675 dipl.
1643 2621 1730 2663 mil.
1763 2621 1869 2677 (III
1892 2621 1939 2666 S.

198 2708 244 2748 p.
280 2695 419 2749 1973).
1341 2738 1343 2740 ,

116 2762 200 2806 109
218 2761 280 2810 C.
311 2761 518 2804 Valerius
548 2760 760 2803 Paulinus
792 2760 939 2815 fistula
973 2759 1177 2814 plumbea
1207 2759 1308 2814 (sive
1338 2758 1508 2813 fistulae
1536 2759 1727 2813 fuerunt)
1757 2759 1804 2800 in
1836 2774 1940 2813 ayro

199 2830 373 2873 Albano
403 2822 498 2881 sive,
514 2829 756 2872 Tusculano
775 2843 863 2883 rep.
885 2829 966 2871 XI
972 2828 1014 2871 V
1025 2831 1138 2871 2435
1156 2848 1211 2863 z
1234 2828 1451 2870 Laneiani
1469 2827 1561 2882 syll.
1585 2842 1650 2881 aq.
1673 2842 1714 2869 n.
1730 2831 1825 2870 351.
1846 2831 1938 2871 357.

118 2901 199 2943 110
231 2899 280 2942 O.
302 2898 506 2941 Valerius
529 2899 636 2940 Pius
656 2899 862 2953 Vegetus,
896 2899 971 2954 qui
992 2898 1109 2939 vixit
1135 2912 1270 2939 annos
1293 2897 1377 2938 XL
1400 2897 1458 2950 (P)
1473 2911 1607 2939 mens,
1630 2896 1670 2936 V
1691 2895 1804 2938 dieb.
1827 2896 1937 2947 XV;

203 2967 319 3010 filius
349 2967 552 3010 Valeriae
584 2967 789 3022 Pelagiae
821 2971 847 3010 t.
869 2968 1064 3009 urbanus
1084 2966 1200 3010 Ball.
1234 2980 1394 3008 eomun.
1426 2968 1536 3008 1886
1555 2980 1602 3018 p.
1634 2967 1727 3007 227
1749 2978 1790 3006 n.
1813 2967 1939 3006 1264.

199 3036 406 3079 Fortasse
422 3036 570 3091 aliqua
578 3036 809 3091 parentela
825 3037 1071 3078 coniunctus
1089 3049 1180 3077 eum
1198 3036 1245 3088 Q.
1269 3034 1439 3077 Valerio
1462 3034 1608 3088 Veyeto
1621 3033 1758 3087 (infra
1771 3046 1813 3077 n.
1826 3034 1936 3087 150).

116 3106 194 3149 lll
232 3104 435 3148 Valerius
466 3106 695 3159 Ponticus,
743 3106 786 3146 in
819 3104 997 3146 exilium
1027 3103 1176 3160 pulsus
1207 3119 1243 3146 a.
1277 3104 1354 3156 61,
1401 3102 1531 3158 ‘quod
1575 3116 1691 3154 reos,
1736 3115 1790 3142 ne
1821 3100 1935 3156 apud

197 3173 465 3230 praefectum
495 3173 617 3215 urbis
649 3179 947 3228 arguerentur,
982 3172 1036 3214 ad
1066 3179 1309 3228 praetorem
1330 3170 1566 3223 detulisset,
1600 3170 1773 3211 interim
1794 3169 1937 3225 specie

197 3241 354 3296 legum,
386 3256 489 3283 mox
519 3241 873 3298 praevaricando,
908 3241 1115 3282 ultionem
1143 3240 1356 3282 elusurus‘
1398 3240 1495 3281 Tac.
1527 3253 1566 3282 a.
1600 3241 1663 3288 14,
1692 3240 1758 3279 41.

115 3310 197 3353 112
227 3310 280 3364 Q.
313 3309 554 3365 Val(erius)
586 3311 821 3353 Postimius
854 3309 1085 3362 Romulus,
1119 3308 1173 3361 Q.
1205 3308 1257 3362 f.,
1302 3324 1413 3364 equo
1445 3306 1641 3364 publico,
1683 3311 1938 3361 procurator

171 3420 173 3422 .
200 3378 255 3421 ad
276 3378 391 3421 bona
410 3378 724 3435 damnatorum,
754 3385 1008 3435 procurator
1029 3377 1084 3419 ad
1105 3376 1321 3431 alimenta,
1345 3376 1616 3419 consiliarius
1637 3374 1936 3429 Augustorum
