2242 3672
279 259 537 296 SERVILIVS
1139 249 1222 291 228
1823 255 2084 292 SERVILIVS

277 393 361 434 422
393 396 652 434 SERVILIVS
683 394 873 429 PAVLVS
905 385 1137 443 proconsul
1169 385 1298 428 Asiae
1332 386 1483 428 Melito
1515 401 1586 441 ap.
1607 386 1838 429 Eusebium
1867 387 1964 430 hist.
1987 388 2082 431 eccl.

363 464 406 509 4,
439 462 508 501 26.
579 457 750 500 Videtur
781 470 865 510 pro
898 454 1080 498 Servilio
1116 454 1332 509 lcyendum
1367 468 1451 497 esse
1487 454 1663 510 Seryius
1696 454 1889 507 Paullus,
1921 457 1975 510 cf.
2006 457 2082 500 sub

362 530 413 570 L.
437 527 585 581 Seryz'o
607 525 764 567 Paullo
791 526 937 579 (supra
966 538 1006 566 n.
1027 522 1140 577 377).
1183 523 1263 565 Vim
1283 523 1362 565 huc
1374 524 1563 578 pertinet
1581 523 1642 566 Μ.
1664 524 1875 567 Servilius
1895 524 2085 568 Tutilius

365 595 539 649 Paulus,
573 595 647 650 qui
678 608 755 649 pro
787 592 954 634 colonia
982 590 1300 634 Troadensium
1337 590 1599 647 legationem
1635 594 1824 649 suscepit
1858 608 1971 636 anno
2003 594 2086 638 132

363 665 453 707 III
476 663 523 706 S.
556 665 683 706 7282.

278 734 361 776 423
393 740 435 783 Q.
459 736 719 773 SERVILIVS
742 735 937 771 PVDENS
961 727 1241 783 (praenomen
1261 743 1311 771 ea
1331 728 1499 784 teyulis)
1524 729 1692 785 legatus
1724 730 1946 782 (nescimus
1967 732 2086 775 cuius

362 800 621 855 provinciae,
655 801 763 841 certe
791 812 877 840 non
896 796 1144 852 Bithyniae)
1175 797 1367 840 Plinium
1398 800 1601 841 convenit
1630 799 1911 842 Nicomediae
1939 815 2086 843 mense

363 870 469 910 Dec.
492 868 611 922 (anni
634 867 734 922 111)
757 866 876 908 Ptin.
900 866 958 908 ad
981 866 1100 910 Trai.
1120 868 1191 909 25.
1232 866 1419 909 Praedia
1439 868 1530 910 eius
1550 874 1842 911 memorantur
1861 870 1907 911 in
1929 869 2086 924 tegulis

365 937 541 979 urbanis
572 936 697 978 factis
726 950 764 977 a.
795 936 875 977 123
908 934 954 977 X
965 934 1109 977 V346.
1140 937 1264 986 1429,
1296 950 1334 977 a.
1368 937 1450 978 124
1479 936 1681 987 XV349,
1712 953 1749 979 a.
1776 938 1854 980 125
1883 937 1932 980 X
1941 938 2084 990 V350,

361 1021 398 1050 a.
424 1005 502 1048 127
528 1005 576 1047 X
585 1004 902 1054 V1430-1432,
934 1018 970 1045 a.
995 1003 1076 1046 128
1107 1002 1206 1050 XV
1217 1007 1336 1046 1433.
1366 1007 1485 1055 1434,
1516 1020 1555 1049 a.
1582 1005 1663 1048 129
1682 1005 1730 1047 X
1740 1005 1910 1058 V1435‚
1941 1022 1980 1050 a.
2005 1007 2086 1050 130

364 1073 563 1123 XV136‚
595 1088 633 1116 a.
658 1073 735 1114 131
768 1071 997 1122 XV1437,
1029 1087 1066 1115 a.
1091 1072 1173 1115 133
1202 1072 1431 1124 XV1438,
1464 1089 1502 1118 a.
1530 1075 1612 1116 139
1640 1074 1868 1119 XV1440.

278 1144 361 1185 424
393 1149 435 1193 Q.
477 1147 738 1183 SERVILIVS
778 1146 987 1184 PVDENS.
1065 1141 1217 1192 Tituli,
1257 1141 1467 1195 Africani
1507 1156 1668 1186 omnes:
1714 1143 1838 1186 VIII
1865 1146 1974 1188 5354
2012 1143 2084 1199 (1).

370 1211 492 1259 VIII
505 1210 551 1253 S.
573 1213 716 1254 12291
737 1210 813 1264 (2).
835 1212 975 1252 14852
994 1209 1064 1264 (3).
1101 1210 1205 1252 Tria
1223 1211 1397 1253 nomina
1416 1210 1611 1254 exhibent
1630 1215 1657 1256 t.
1680 1216 1782 1263 1-3,
1804 1213 1904 1255 item
1922 1212 1968 1255 in
1989 1225 2086 1255 con-

363 1280 505 1322 sulatu
527 1279 595 1321 VI
607 1281 698 1321 165.
720 1278 801 1320 XI
805 1278 973 1328 V4148,
988 1292 1186 1333 papyrus
1205 1279 1368 1321 Latina
1387 1281 1520 1322 musei
1537 1280 1788 1323 Britannici
1804 1280 2085 1337 Archaeoloy.

363 1349 545 1391 Londin.
574 1350 639 1398 54,
670 1350 777 1390 1895
798 1362 846 1402 p.
876 1350 957 1389 433
987 1345 1145 1401 (paene
1177 1348 1304 1402 plene
1345 1352 1372 1390 t.
1403 1348 1644 1402 Africanus
1682 1349 1777 1392 me'l.
1809 1349 2085 1406 d’archeoloy.

362 1421 400 1460 et
430 1417 567 1459 ol'hist.
598 1419 711 1459 1892
740 1431 789 1470 p.
811 1419 881 1466 23,
920 1415 1130 1459 Serbilius
1168 1416 1343 1459 Pudens
1376 1431 1475 1462 ann.
1507 1418 1604 1460 inst.
1639 1418 1755 1460 arch.
1786 1420 1896 1460 1870
1925 1433 1974 1473 p.
2005 1421 2087 1462 194

359 1501 400 1528 n.
422 1489 517 1536 291,
551 1518 560 1527 .
580 1519 589 1528 .
609 1518 618 1528 .
635 1485 763 1527 vilius
795 1484 968 1526 Pudens
1000 1484 1068 1527 VI
1084 1487 1196 1541 360).

447 1555 500 1608 Q.
532 1554 560 1596 f.
605 1557 634 1596 t.
666 1557 691 1595 1
734 1553 867 1608 (filius
906 1553 1071 1596 videtur
1110 1554 1199 1596 eius
1239 1555 1312 1608 qui
1340 1555 1592 1612 praecedit).
1663 1555 1801 1598 Tribu
1839 1555 1948 1600 Hor.
1986 1559 2014 1599 t.
2044 1559 2084 1599 1.

360 1622 580 1665 Tribunus
619 1621 804 1664 militum
842 1621 1025 1677 legionis
1065 1628 1246 1679 quartae
1288 1622 1540 1679 Scythicae,
1595 1630 1798 1680 quaestor
1835 1625 2086 1680 provinciae

365 1691 547 1746 Siciliae,
578 1690 779 1733 tribunus
801 1689 954 1746 plebis,
986 1697 1172 1747 praetor,
1205 1692 1450 1747 praefectus
1474 1692 1679 1735 frumenti
1701 1692 1846 1748 dandi,
1877 1692 2086 1736 iuridicus

360 1760 570 1802 Aemiliae
610 1766 653 1801 et
692 1758 934 1802 Flaminiae
974 1763 1001 1802 t.
1045 1763 1083 1802 1.
1145 1760 1383 1803 Proconsul
1423 1760 1579 1804 Cretae
1620 1767 1663 1803 et
1702 1761 1973 1818 Cyrenarum
2012 1762 2083 1814 ib„

361 1828 590 1885 proconsul
621 1832 649 1871 t.
680 1831 712 1871 2
741 1826 1011 1882 (quamquam
1045 1829 1092 1871 in
1121 1828 1197 1871 hoc
1227 1832 1255 1871 t.
1287 1830 1469 1883 fortasse
1499 1830 1548 1872 cle
1568 1830 1877 1885 proconsulatu
1904 1830 2087 1885 Africae

362 1898 541 1952 coyitari
552 1898 734 1951 poterit,·
756 1900 935 1939 ceterum
950 1911 1034 1939 non
1049 1897 1117 1939 hic
1133 1896 1303 1940 Pudens
1309 1898 1542 1952 proconsul
1551 1898 1732 1953 Africae
1746 1913 1867 1953 quern
1879 1902 2087 1945 memorat

367 1966 653 2008 Tertullianus
684 1965 741 2007 acl
771 1965 1005 2020 Scapulam
1030 1969 1069 2016 4,
1107 1966 1161 2020 cf.
1193 1966 1313 2020 infra
1340 1967 1415 2009 sub
1447 1966 1615 2009 Valerio
1645 1966 1865 2022 Pudente).
1923 1966 2086 2011 Consul

363 2034 452 2079 ord.
484 2050 522 2077 a.
546 2035 628 2077 166
659 2049 757 2077 cum
778 2034 829 2076 L.
850 2033 1024 2076 Fufidio
1057 2034 1251 2077 Pollione
1282 2036 1400 2089 fasti.
1443 2035 1627 2078 Maritus
1658 2035 1861 2078 Ceioniae
1890 2035 2086 2080 Plautiae

363 2104 539 2157 (sororis
569 2104 676 2146 Veri
707 2102 999 2159 imperatoris)
1031 2106 1060 2147 t.
1090 2106 1130 2145 3.
1183 2104 1315 2146 Pater
1346 2104 1398 2157 Q.
1433 2103 1608 2147 Servilii
1639 2104 1850 2165 Pudentis
1879 2105 1986 2161 (eius
2014 2107 2088 2160 qui

361 2171 561 2226 sequitur)
594 2175 622 2214 t.
652 2175 695 2215 2.
756 2172 972 2213 Patronus
1005 2170 1325 2214 Calamensium
1356 2176 1383 2215 t.
1415 2176 1454 2215 1.

276 2241 359 2282 425
391 2247 434 2291 Q.
457 2246 717 2282 SERVILIVS
734 2246 943 2294 PVDENS,
967 2241 1058 2282 eius
1079 2242 1154 2297 qui
1175 2241 1395 2297 praecedit
1415 2241 1552 2296 filiust,
1572 2248 1779 2298 patronus
1799 2243 2086 2286 Bisicensium

362 2310 407 2351 in
435 2308 586 2351 Africa
616 2309 740 2351 VIII
762 2309 808 2352 S.
840 2311 992 2352 12291.

277 2378 360 2420 426
393 2384 433 2420 ο.
457 2384 717 2420 SERVILIVS
741 2377 1098 2419 *SEPTIDIANVS
1129 2384 1318 2420 FIRMVS
1347 2378 1643 2435 (Septidianus
1665 2379 1746 2422 XI
1750 2379 1924 2431 V3470,
1947 2380 2088 2436 deficit

363 2446 443 2488 XI
448 2446 634 2500 V3469),
668 2446 797 2500 pleno
837 2447 1005 2488 nornine
1043 2449 1091 2488 ut
1122 2450 1230 2500 puto
1266 2447 1313 2490 C.
1347 2446 1556 2490 Servilius
1596 2448 1873 2505 Septidianus
1909 2449 2084 2491 Firmus

364 2515 424 2557 M.
455 2515 639 2556 Martius
669 2515 916 2571 Torquatus
948 2516 1000 2568 Q.
1023 2516 1206 2557 Pinnius
1226 2515 1486 2558 Valerianus
1518 2517 1676 2560 Saxius
1700 2517 1865 2560 Marius
1896 2517 2084 2572 (Marsus

362 2585 488 2635 3469)
508 2582 742 2625 Calestrius
759 2583 976 2626 Maximus
994 2584 1202 2626 Horatius
1219 2584 1368 2626 Macer
1389 2585 1466 2638 (sie
1483 2588 1510 2627 t.
1521 2588 1643 2636 3470,
1665 2586 1711 2628 in
1732 2589 1758 2629 t.
1771 2589 1877 2629 3469
1898 2585 2085 2628 traditur

364 2651 411 2693 G.
427 2650 636 2693 Servilius
652 2652 824 2693 Firmus
841 2652 899 2694 M.
913 2653 1150 2709 Torquatu,
1167 2652 1330 2697 Valeri.
1348 2653 1517 2696 Marsus
1533 2655 1618 2696 sive
1633 2654 1886 2710 Maximus),
1903 2655 2084 2711 septem-

363 2719 430 2759 vir
453 2718 685 2774 epulonum
707 2721 909 2771 (traditur
935 2721 1130 2774 VIIviri3
1162 2721 1209 2763 id
1236 2722 1276 2763 si
1303 2735 1446 2764 verum
1476 2726 1548 2773 est,
1579 2723 1779 2765 habemus
1808 2723 1876 2766 hic
1905 2723 2085 2777 quinque

364 2787 567 2840 (palmes,
582 2788 820 2839 Servilium,
835 2789 1060 2840 Martium,
1074 2789 1291 2841 Pinniunz,
1305 2791 1513 2841 Marium,
1526 2791 1772 2846 Horatium)
1786 2794 1814 2834 t.
1824 2792 1920 2846 aqri
1928 2791 2087 2835 Sabini

363 2854 488 2896 XIV
507 2859 615 2897 3470
644 2857 767 2898 semel
808 2858 860 2899 ab
900 2858 1043 2912 iynoto
1079 2862 1248 2901 auctore
1279 2859 1536 2914 descriptum
1572 2859 1715 2902 eadem
1750 2861 1924 2903 nomina
1954 2861 2086 2915 tuisse

364 2922 555 2965 violentur
584 2925 630 2966 in
660 2928 687 2968 t.
710 2925 834 2967 XIV
846 2930 952 2968 3469
973 2927 1070 2968 item
1093 2927 1217 2970 semel
1237 2927 1442 2982 descripto
1469 2929 1523 2970 ab
1555 2931 1725 2971 auctore
1745 2942 1906 2983 parurn
1924 2929 2083 2983 perito.

281 2991 361 3032 427
396 2997 655 3034 SERVILIVS
679 3000 885 3035 SILANVS
905 2996 1107 3050 ‘optimus
1127 3001 1170 3037 et
1189 2995 1522 3038 facundissimus
1542 2997 1642 3051 vir’,
1661 2996 1869 3039 oriundus
1879 2997 2084 3054 Hippone

366 3059 523 3113 Regio:
557 3075 652 3102 cum
685 3068 730 3103 ut
760 3069 990 3117 patronum
1021 3063 1101 3105 sibi
1131 3071 1331 3107 crearent
1361 3064 1631 3107 Cirtensibus
1661 3065 1796 3107 suasit
1823 3064 1992 3108 Fronto
2021 3080 2083 3120 ep.

365 3126 422 3167 acl
461 3142 541 3169 arn.
573 3128 642 3172 lib.
672 3130 732 3171 II
755 3132 819 3184 (p.
849 3134 935 3173 200
966 3132 1027 3173 ed.
1062 3132 1241 3187 Naber).
1300 3133 1520 3176 Senatorii
1550 3133 1711 3175 ordinis
1750 3147 1842 3175 eum
1875 3134 2007 3187 fuisse
2034 3148 2085 3177 ex

364 3194 580 3237 Frontone
610 3197 752 3251 colligi
770 3202 922 3251 potest.
983 3200 1155 3242 Videtur
1185 3214 1270 3243 esse
1297 3215 1406 3244 unus
1435 3216 1487 3244 ex
1515 3202 1575 3244 eis
1604 3203 1678 3256 qui
1704 3205 1945 3255 sequuntur.

281 3262 361 3303 428
392 3269 442 3304 M.
465 3269 724 3306 SERVILIVS
747 3272 954 3308 SILANVS
978 3269 1055 3319 (sic
1077 3268 1144 3310 VI
1155 3272 1277 3319 1980,
1294 3273 1522 3323 praeterea
1543 3269 1735 3324 Silanus)
1757 3269 1907 3312 consul
1926 3270 2083 3312 iterum

363 3331 614 3383 (iterationis
653 3335 755 3373 nota
794 3337 854 3374 est
882 3334 964 3376 III
991 3339 1113 3377 4150.
1156 3336 1250 3379 VII
1266 3341 1368 3388 340,
1411 3338 1509 3380 item
1548 3339 1595 3380 in
1633 3338 1760 3391 fastis
1796 3337 1976 3380 Graecis
2012 3352 2081 3393 ap.
