2242 3672
217 208 424 275 SALV⁸1VS
1089 231 1171 274 165
1826 233 2036 272 SALVIVS

300 368 388 412 ind.
418 367 547 411 Flor.
579 371 619 410 et
640 369 819 422 passim,
858 370 902 411 in
933 369 1000 411 his
1032 369 1247 424 Digeston
1277 368 1376 412 libri
1408 367 1502 424 XO,
1537 383 1720 425 quorum
1753 367 1915 411 librum
1946 382 2038 410 sex-

302 444 394 480 tum
423 436 600 478 videtur
630 437 852 493 scripsisse
884 443 984 479 ante
1014 453 1179 480 annum
1212 438 1293 481 129
1330 437 1573 493 (secundum
1604 451 1655 480 ea
1684 451 1792 491 quae
1823 451 1873 479 ex
1901 437 2041 479 verbis

300 506 426 548 huius
447 505 552 547 libri
569 505 747 547 servatis
766 504 870 559 Diq.
891 508 930 556 5,
952 509 991 556 3,
1014 510 1086 557 20,
1107 510 1146 551 4.
1179 509 1219 558 5,
1241 510 1283 558 3,
1303 510 1370 557 33,
1393 510 1431 558 1,
1465 506 1689 549 collatione
1718 506 1917 548 instituta
1948 519 2041 548 cum

299 578 474 617 senatus
513 573 700 616 consulto
743 573 996 616 quentiano
1037 575 1152 628 facto
1195 589 1308 618 anno
1338 578 1436 626 129,
1469 574 1637 630 colleqit
1665 574 1836 629 Fittiny
1864 575 1970 617 u‘ber
2000 574 2040 617 d.

300 642 427 686 Alter
465 642 539 686 der
580 642 799 696 Schriften
843 643 1073 685 romiscber
1114 644 1311 687 Juristen
1343 659 1391 699 p.
1423 648 1471 695 4,
1514 644 1730 699 probante
1776 644 2042 686 Mommseno

302 712 507 755 Zeitschr.
539 712 571 766 f.
604 710 897 766 Rechtsyescb.
930 715 969 761 9,
1002 715 1112 755 1870
1142 728 1192 767 p.
1224 712 1311 766 89),
1354 714 1485 755 etiam
1517 713 1769 755 vicesimum
1807 714 2039 770 septimum

302 780 382 823 sub
404 780 628 823 Hadriano
650 779 751 835 Diy.
774 783 843 831 38,
865 784 909 831 2,
936 784 1011 831 22,
1034 783 1355 836 sexagesimum
1376 788 1580 839 quartum
1602 782 1776 838 scripsit
1796 783 2038 839 imperante

306 850 381 892 Pio
402 849 505 904 Diy.
527 853 566 900 4,
589 853 632 900 2,
655 851 722 892 18.
769 848 995 903 Reliquias
1024 850 1279 904 scriptorum
1310 851 1400 893 eius
1429 851 1595 906 colle9it
1615 850 1746 893 Lenel
1767 850 1936 906 palinq.
1957 851 2042 894 iur.

302 919 377 961 civ.
400 919 435 962 I
448 933 495 974 p.
517 921 602 960 317
618 931 699 972 seq.
723 943 780 948 --
800 918 851 960 In
884 917 1063 960 consilio
1095 918 1310 961 Hadriani
1335 920 1407 963 vit.
1430 919 1572 962 Hadr.
1594 922 1660 970 18,
1683 923 1721 964 1.
1766 920 1904 975 (Inter
1934 921 2044 962 iuris

299 988 464 1042 peritos
481 986 694 1030 adhibitos
705 1001 733 1029 a
745 986 827 1029 Pio
845 990 1116 1029 enumeratur
1126 987 1198 1029 vit.
1212 987 1289 1029 Pii
1297 991 1367 1038 12,
1377 991 1403 1030 1
1415 987 1588 1031 Salvius
1604 988 1773 1042 aliquis,
1786 988 1861 1031 sed
1873 989 2044 1031 minime

302 1060 458 1099 certum
489 1070 592 1098 num
621 1056 702 1106 bic,
735 1056 790 1110 cf.
821 1056 943 1110 infra
971 1056 1048 1098 sub
1082 1055 1231 1099 Salvio
1262 1056 1464 1113 Valente).
1521 1056 1701 1099 Amicus
1732 1057 2043 1114 imperatorum

301 1127 439 1168 Marci
467 1133 509 1169 et
530 1126 633 1168 Veri
663 1126 750 1181 ipsi
773 1125 879 1181 Diq.
904 1129 971 1177 37,
996 1129 1061 1177 14,
1089 1128 1154 1177 17,
1189 1126 1268 1168 ubi
1289 1127 1419 1169 verba
1444 1127 1543 1182 fieri
1562 1127 1611 1169 de
1631 1127 1827 1181 defuncto
1849 1129 2041 1182 apparet,

300 1209 431 1249 neque
466 1209 629 1238 necesse
659 1198 719 1237 est
748 1198 956 1246 statuere,
1000 1209 1092 1238 eum
1128 1195 1339 1238 advixisse
1379 1209 1509 1249 usque
1540 1195 1598 1238 ad
1625 1196 1776 1238 borum
1805 1196 2041 1251 imperium,

302 1265 355 1318 cf.
390 1265 629 1307 Mommsen
660 1264 686 1309 l.
719 1278 752 1306 c.
777 1279 824 1319 p.
845 1266 903 1307 88
931 1267 1017 1307 not.
1050 1266 1117 1307 15.
1180 1263 1416 1318 (Ἰουλιανὸς
1454 1265 1676 1322 νομοθέτης
1704 1264 1853 1308 floruit
1881 1266 2042 1307 Romae

302 1333 386 1376 sub
408 1333 556 1376 Marco
578 1339 621 1375 et
642 1333 758 1375 Vero
781 1333 1003 1388 Syncellus
1022 1347 1069 1387 p.
1094 1335 1174 1375 666
1194 1332 1362 1384 Bonn.,·
1393 1332 1608 1380 Ἰουλιανὸς
1634 1334 1856 1391 νομοθέτης
1877 1334 2043 1376 occisus

301 1417 328 1443 a
367 1401 605 1445 Commodo
647 1403 703 1445 ib.
736 1417 785 1457 p.
817 1405 912 1453 668,
955 1403 1031 1444 ubi
1072 1398 1254 1457 apparet
1293 1402 1497 1456 confundi
1534 1403 1646 1444 iuris
1686 1402 1921 1445 consultum
1951 1415 2044 1444 cum

303 1471 452 1514 Salvio
475 1471 651 1514 Iuliano
679 1472 801 1526 infra
829 1486 871 1514 n.
897 1473 1004 1526 104).
1024 1497 1081 1502 —-
1103 1471 1381 1514 Clarissimus
1412 1472 1482 1513 vir
1504 1471 1688 1514 Marcus
1717 1475 1756 1514 et
1787 1471 1918 1514 Verus
1937 1469 2041 1524 Diq.

301 1543 368 1591 37,
401 1545 465 1591 14,
496 1544 563 1583 17.
625 1541 808 1583 Praetor
836 1541 927 1596 ipse
960 1540 1062 1596 Diq.
1093 1544 1161 1592 40,
1193 1544 1235 1591 2,
1267 1544 1306 1585 5.
1361 1540 1588 1596 (Fortasse
1618 1540 1750 1591 idem,
1792 1543 1840 1582 ut
1870 1538 2045 1582 coniecit

301 1608 562 1664 Boryhesius
608 1624 702 1665 opp.
744 1613 783 1661 7,
815 1612 910 1660 530,
955 1609 1144 1653 Salvius'
1172 1609 1340 1665 legatus
1381 1609 1647 1666 Aquitaniae
1692 1609 1772 1652 sub
1818 1607 2044 1651 Hadriano

302 1677 404 1733 Diq.
426 1681 492 1729 48,
514 1682 553 1730 3,
575 1683 647 1722 12.
706 1679 762 1721 In
783 1678 975 1734 Aeqypto
997 1678 1265 1733 aliquamdiu
1285 1679 1418 1733 fuisse
1439 1678 1660 1721 Iulianum
1682 1693 1732 1721 esc
1751 1679 1888 1732 ipsius
1906 1676 2046 1719 verbis

303 1746 406 1802 Diq.
421 1752 487 1799 46,
504 1751 543 1799 3,
560 1751 614 1791 36
632 1748 800 1790 videtur
821 1747 966 1803 colliqi
977 1747 1134 1803 posse).
1149 1772 1198 1778 —
1213 1746 1377 1790 Consul
1400 1748 1490 1802 ipse
1504 1746 1606 1802 Diq.
1628 1751 1694 1798 40,
1718 1751 1762 1798 2,
1784 1750 1810 1790 5
1832 1747 1878 1802 (a
1889 1745 2045 1801 pleris-

302 1829 379 1870 que
416 1816 528 1859 idem
558 1820 744 1872 putatur
783 1816 833 1861 P.
867 1816 1042 1859 Salvius
1080 1816 1282 1859 Iulianus
1321 1816 1467 1859 consul
1508 1816 1598 1859 ord.
1639 1831 1679 1859 a.
1712 1819 1809 1867 148,
1850 1815 1898 1857 id
1934 1812 2047 1869 quod

302 1886 470 1939 ncqavit
500 1886 740 1928 Mommsen
770 1885 975 1928 Zeitscbr.
1007 1886 1039 1939 f.
1069 1885 1360 1941 Rechtsqesch.
1390 1889 1428 1937 9,
1460 1888 1572 1929 1870
1592 1900 1641 1940 Ρ.
1674 1888 1731 1928 88
1759 1888 1845 1928 not.
1877 1887 1941 1935 15,
1973 1882 2047 1937 qui

299 1957 431 2008 putat
453 1956 583 1998 verba
611 1954 692 1998 illa
721 1954 890 1998 Iuliani
916 1955 1079 2010 scripta
1109 1968 1196 1998 esse
1226 1954 1452 1998 Hadriani
1481 1956 1748 2010 temporibus,
1781 1954 1808 1998 l.
1841 1968 1875 1997 c.
1898 1968 1946 2008 p.
1968 1955 2046 2003 89;

302 2026 342 2065 et
359 2037 463 2067 sane
482 2025 640 2066 mirum
660 2027 776 2075 esset,
800 2023 1034 2075 Iulianum,
1055 2024 1145 2066 iam
1174 2023 1325 2067 mediis
1351 2023 1579 2066 Hadriani
1606 2024 1863 2079 temporibus
1893 2023 2045 2077 floren-

305 2095 397 2144 tem,
431 2107 543 2136 anno
574 2093 738 2136 demum
759 2095 840 2135 148
861 2093 921 2135 ad
940 2093 1205 2136 consulatum
1225 2092 1501 2148 pervenisse).
1518 2118 1573 2122 —-
1594 2094 1670 2135 Bis
1691 2092 1842 2135 consul
1865 2099 1906 2134 et
1926 2105 2046 2148 prae-

307 2160 447 2204 fectus
468 2162 566 2206 urbi
587 2163 660 2204 vit.
683 2161 790 2205 Did.
811 2162 895 2204 Iul.
919 2166 945 2204 1
967 2159 1121 2215 (huius
1140 2162 1446 2217 praefecturae
1466 2165 1697 2217 praeterea
1717 2162 1840 2204 nulla
1868 2161 2046 2203 mentio:

301 2229 563 2286 Boryhesius
592 2235 734 2274 tamen
762 2245 849 2274 non
879 2231 1091 2273 diversum
1113 2232 1287 2286 putavit
1319 2230 1527 2274 Publium
1557 2232 1826 2285 praefectum
1854 2230 1987 2279 urbis,
2020 2243 2047 2270 a

303 2313 383 2354 quo
425 2300 474 2343 de
512 2300 740 2343 Felicitate
783 2300 1022 2342 christiana
1061 2300 1348 2354 quaestionem
1392 2300 1586 2343 habitam
1627 2314 1713 2343 esse
1749 2302 1961 2342 narratur
1999 2298 2046 2340 in

302 2367 430 2411 huius
460 2370 591 2421 actis,·
620 2373 660 2412 et
689 2384 782 2412 cum
811 2370 897 2412 sibi
917 2370 1216 2424 persuasisset,
1248 2369 1296 2412 id
1325 2369 1528 2413 accidisse
1560 2384 1672 2412 anno
1697 2372 1793 2420 162,
1828 2369 1881 2423 cf.
1913 2381 2047 2422 supra

304 2438 380 2480 sub
399 2438 446 2491 Q.
459 2439 587 2481 Iunio
603 2438 795 2490 Rustico,
817 2453 863 2481 eo
885 2452 998 2481 anno
1013 2438 1207 2482 Salvium
1223 2438 1446 2481 Iulianum
1468 2440 1737 2494 praefectum
1765 2438 1885 2480 urbis
1914 2437 2046 2491 fuisse

306 2507 470 2558 statuit,
495 2511 596 2562 post
622 2508 670 2561 Q.
698 2507 886 2549 Lollium
916 2507 1129 2559 Urbicum,
1163 2511 1260 2550 ante
1294 2508 1342 2562 Q.
1374 2508 1551 2550 Iunium
1580 2508 1817 2557 Rusticum,
1850 2507 1904 2560 cf.
1934 2505 2046 2547 Bor-

301 2575 422 2629 9besi
450 2590 543 2631 opp.
567 2580 595 2618 7
613 2591 661 2631 Ρ.
683 2580 777 2628 531,
809 2580 835 2619 9
856 2591 905 2632 p.
926 2580 1033 2628 305;
1068 2576 1209 2619 eodem
1248 2577 1339 2631 fere
1370 2580 1553 2632 tempore
1582 2576 1803 2619 Iulianum
1838 2574 2046 2617 consulem

304 2645 457 2687 iterum
472 2644 694 2697 suffectum
707 2646 841 2700 fuisse
855 2645 1035 2700 statuit).
1054 2672 1104 2676 —-
1119 2646 1242 2688 Avus
1258 2646 1381 2689 Didii
1399 2645 1557 2688 Iuliani
1579 2645 1851 2702 imperatoris
1862 2643 2043 2697 Europ.

304 2715 344 2764 8,
375 2718 441 2765 17,
475 2728 664 2772 proavus
699 2716 771 2761 vit.
796 2715 901 2760 Did.
933 2715 1017 2758 Iul.
1049 2719 1075 2758 1
1111 2714 1238 2768 (illud
1274 2730 1417 2758 verum
1440 2718 1572 2770 putat
1601 2715 1862 2770 Bmyhesius
1893 2728 1986 2768 opp.
2020 2716 2048 2754 7

301 2798 349 2837 Ρ.
380 2787 487 2835 532,
528 2785 690 2827 scilicet
730 2784 926 2828 Salvium
966 2785 1187 2827 Iulianum
1223 2788 1397 2839 patrem
1442 2785 1574 2839 fuisse
1613 2783 1828 2827 Aemiliae
1870 2782 2043 2831 Clarae,

306 2853 461 2895 matris
491 2853 620 2896 Didii
649 2853 818 2896 Iuliani
827 2867 842 2906 ,'
871 2857 910 2896 et
929 2868 1045 2905 sane,
1077 2855 1118 2896 si
1138 2854 1312 2897 Salvius
1336 2854 1536 2896 Iulianus
1556 2854 1806 2908 praefectus
1833 2852 1934 2894 urbi
1962 2851 2046 2904 fuit

307 2935 348 2964 α.
379 2925 477 2973 162,
508 2936 593 2965 non
619 2923 764 2978 potuit
795 2937 881 2965 esse
906 2937 1096 2977 proavus
1126 2922 1255 2965 Didii
1283 2923 1452 2965 Iuliani
1479 2923 1577 2965 nati
1605 2937 1716 2965 anno
1745 2924 1848 2972 133;
1884 2923 2045 2962 utrum-

305 3004 382 3043 que
402 2991 547 3046 fictum
568 2995 701 3046 putat
724 2991 771 3036 O.
789 2991 1052 3051 Hirschfeld,
1078 2992 1134 3046 cf.
1165 3005 1300 3046 supra
1324 2992 1400 3034 sub
1422 2992 1487 3036 Μ
1505 2990 1641 3034 Didio
1664 2991 1816 3033 Severo
1838 2989 2043 3043 Iuliano).

302 3057 593 3114 Confunditur
620 3075 714 3103 cum
744 3060 879 3103 Didio
919 3060 1115 3111 Iuliano,
1160 3061 1265 3103 Vict.
1303 3060 1424 3103 Caes.
1456 3063 1522 3104 19.
1581 3060 1913 3102 Monumentum
1952 3057 2043 3097 eius

307 3125 379 3180 (sc.
403 3130 562 3183 proavi
589 3129 720 3172 Didii
748 3129 932 3184 Iuliani)
961 3131 1033 3171 via
1064 3129 1289 3172 Labicana
1319 3129 1522 3172 milliario
1554 3129 1705 3184 quinto
1735 3128 1806 3170 vit.
1834 3125 1937 3168 Did.
1959 3125 2042 3167 Iul.

304 3199 345 3248 8,
367 3201 433 3240 10.
458 3223 509 3227 ——
530 3198 742 3241 Ficticius
773 3202 834 3241 est
866 3202 893 3241 t.
928 3213 955 3240 a
978 3198 1373 3241 Mediolanensibus
1404 3197 1552 3240 Salvio
1574 3196 1761 3245 Iuliano,
1792 3197 1934 3248 utpote
1964 3193 2046 3234 civi

305 3279 393 3317 suo,
417 3266 595 3318 dicatus,
629 3266 809 3310 V714*.
835 3294 887 3299 -
913 3267 1014 3309 Non
1041 3267 1099 3309 ad
1127 3266 1236 3309 bunc
1266 3266 1340 3309 sed
1369 3266 1427 3308 ad
1456 3265 1588 3307 alium
1617 3263 1833 3306 Iulianum
1854 3263 2043 3304 iurecon-

306 3334 462 3376 sultum
491 3335 623 3377 multo
651 3336 924 3378 recentiorem
952 3339 1112 3390 spectat
1142 3336 1405 3390 cpiqramma
1432 3333 1649 3377 Theaeteti
1667 3331 1910 3374 scholastici
1928 3330 2044 3372 anth.

305 3401 494 3447 Planud.
527 3403 661 3456 (anth.
693 3403 791 3446 Pal.
825 3404 886 3447 ed.
914 3403 1095 3446 Dilbner
1115 3404 1177 3446 II
1192 3418 1240 3458 p.
1258 3405 1341 3446 608
1368 3418 1410 3445 n.
1430 3406 1489 3446 32
1501 3401 1556 3450 *).
