2242 3672
325 250 490 286 VIBIVS
1187 239 1271 281 420
1966 245 2131 283 VIBIVS

412 379 569 423 Zonar.
600 382 669 428 12,
699 381 777 427 21,
821 392 846 418 a
877 382 1029 418 senatu
1060 375 1163 417 Vict.
1193 375 1311 418 Caes.
1344 378 1413 417 30.
1473 373 1635 417 Caesar
1670 375 1834 417 nummi
1871 389 1941 431 ap.
1970 376 2133 436 Eckhel

414 451 450 498 7,
471 450 564 497 367,
596 445 733 488 Gohen
763 445 824 488 eol.
845 448 877 488 2
906 447 933 486 t.
954 446 981 487 5
1002 458 1049 498 p.
1070 447 1156 487 269
1176 457 1256 497 seq.
1286 457 1329 486 n.
1350 446 1416 486 31.
1443 446 1510 486 47.
1540 445 1606 485 73.
1629 446 1693 486 76.
1715 445 1901 487 98-100.
1922 446 2016 488 103.
2036 448 2130 490 111.

411 518 507 559 123.
538 517 629 556 141.
697 513 737 555 A
776 520 898 569 patre
940 511 1104 566 collega
1147 513 1317 568 imperii
1356 511 1609 568 adsumptus
1646 511 1804 556 Zosim.
1833 516 1882 563 1,
1911 516 1992 569 24,
2033 527 2132 556 cum

412 590 534 639 patre
564 583 798 638 imperator
829 581 967 623 factus
997 581 1179 635 Faurop.
1203 584 1242 631 9,
1263 583 1290 623 5
1321 581 1375 634 cf.
1407 580 1511 623 Vict.
1542 580 1639 635 epit.
1660 583 1728 623 30.
1789 580 1968 636 Collega
1995 583 2132 638 patris

411 652 456 693 in
495 651 675 706 imperio
717 650 837 706 (imp.
880 649 1041 692 Caesar
1080 652 1120 691 et
1150 649 1392 704 Augustus)
1429 649 1612 700 nummi,
1653 649 1781 692 tituli.
1841 649 2004 693 Consul
2039 649 2131 694 ord.

412 734 450 760 a.
482 719 564 761 252
604 733 703 760 cum
744 724 867 774 patre
898 718 942 760 II
972 718 1089 771 fasti.
1155 717 1228 761 Tr.
1258 732 1298 774 p.
1328 718 1383 772 ΙΙ,
1417 732 1502 759 cos.
1536 720 1564 759 t.
1597 716 1821 769 Comensis‚
1862 721 1890 763 t.
1932 718 2134 762 Volubili-
2173 746 2177 751 -

412 789 549 836 tanus,
588 789 615 830 t.
647 786 836 840 Hispani
863 786 925 828 II
945 788 1067 828 4787.
1098 788 1231 837 4859;
1269 799 1465 828 nummus
1505 800 1574 840 ap.
1602 786 1763 828 Eckhel
1794 789 1831 838 7,
1861 789 1954 839 367,
1993 786 2133 831 Gohen

408 869 455 909 p.
472 857 557 897 265
576 868 616 896 n.
633 857 672 898 8.
706 854 868 897 Consul
889 855 934 896 II
954 853 1044 897 ord.
1067 870 1105 896 a.
1124 856 1207 897 253
1229 869 1327 897 cum
1357 855 1550 897 Maximo
1571 855 1691 909 fasti.
1726 855 1845 900 Trib.
1867 861 2020 912 potest.
2043 856 2134 899 IIII

413 921 483 976 (cf.
515 923 591 965 sub
614 926 766 977 patre,
807 924 929 977 infra
950 938 998 977 p.
1020 923 1135 977 427),
1168 938 1254 965 cos.
1286 924 1331 966 II
1365 926 1393 965 t.
1423 923 1637 975 urbanus,·
1672 924 1835 966 nummi
1873 938 1942 980 ap.
1973 924 2136 969 Eckhel

411 994 447 1042 7,
468 994 562 1042 368,
596 991 734 1034 Cohen
754 1006 801 1046 p.
823 994 908 1035 275
936 1006 977 1034 n.
1000 994 1154 1040 91-97.
1173 993 1244 1045 (tr.
1276 999 1363 1049 pot.
1387 1007 1473 1034 cos.
1500 992 1546 1035 H
1573 992 1636 1035 II
1644 993 1786 1047 4859).
1837 992 2018 1036 Occisus
2047 1008 2135 1036 una

413 1074 511 1102 cum
541 1066 664 1116 patre
691 1059 833 1102 Victor
860 1059 979 1103 Caes.
1000 1063 1066 1111 31,
1090 1061 1188 1115 epit.
1208 1064 1275 1111 31,
1306 1060 1488 1114 Eutrop.
1511 1063 1549 1113 9,
1570 1062 1609 1111 5,
1637 1060 1794 1103 Zosim.
1816 1064 1856 1112 1,
1873 1063 1945 1113 28,
1976 1061 2133 1105 Zonar.

417 1131 485 1183 12,
506 1130 577 1171 21.
600 1153 652 1158 -—
675 1128 841 1170 Nomen
872 1143 1043 1171 erasum
1072 1129 1152 1171 XI
1157 1128 1278 1172 V42.
1301 1155 1354 1161 ——
1386 1129 1529 1171 Divus
1559 1127 1824 1172 Volusianus
1853 1130 1934 1173 XI
1954 1132 2076 1174 4999.

326 1196 408 1239 377
439 1197 510 1239 M'.
541 1203 703 1238 VIBIVS
743 1203 992 1239 BALBINVS
1034 1197 1113 1240 M’.
1147 1197 1198 1251 f.,
1232 1195 1350 1239 tribu
1378 1195 1498 1251 Vela,
1537 1196 1742 1239 tribunus
1771 1196 1978 1254 militum,
2011 1213 2135 1256 prae-

409 1265 546 1308 fectus
577 1265 767 1319 fabrum,
800 1267 1045 1323 praefectus
1076 1267 1294 1322 equitum3
1334 1272 1556 1322 quaestor,
1590 1265 1742 1308 aedilis
1773 1266 1934 1323 plebis,
1961 1274 2136 1324 praetor

412 1335 579 1388 aerarii,
611 1334 779 1390 legatus
800 1335 889 1377 divi
911 1335 1025 1390 Aug.
1047 1342 1090 1377 et
1109 1335 1176 1378 Ti.
1200 1334 1399 1378 Caesaris
1419 1334 1533 1390 Aug.
1556 1333 1686 1385 (anno
1709 1335 1843 1390 iyitur
1861 1350 1909 1390 p.
1926 1334 2030 1382 Chr.
2050 1338 2134 1394 14),

412 1403 642 1459 proconsul
676 1404 926 1460 provinciae
958 1403 1253 1446 Narbonensis
1283 1407 1311 1446 t.
1349 1403 1499 1447 Treiae
1527 1404 1575 1446 in
1604 1403 1762 1447 Piceno
1790 1418 1880 1460 rep.
1909 1405 1992 1448 IX
2015 1407 2134 1449 5645.

327 1471 433 1514 377³
461 1471 618 1514 Vibius
651 1471 788 1527 Celer,
821 1479 1079 1529 procurator
1098 1472 1287 1528 Augusti
1318 1472 1526 1528 (Arabiae
1555 1478 1605 1515 ut
1633 1472 1837 1528 videtur),
1869 1472 2011 1528 legato
2041 1488 2137 1531 pro-

412 1540 582 1582 vinciae
623 1539 671 1599 C.
702 1540 820 1583 Allio
860 1542 1076 1584 Fusciano
1114 1544 1143 1584 t.
1181 1541 1424 1584 Gerasenus
1457 1541 1547 1584 III
1567 1544 1650 1584 118
1688 1555 1808 1596 quem
1836 1541 1965 1596 plene
2002 1555 2138 1598 nuper

415 1608 577 1651 demum
608 1608 707 1664 leyit
735 1609 1100 1653 Domaseewskius
1128 1610 1200 1666 (cf.
1237 1610 1347 1654 CIL.
1376 1610 1466 1653 III
1485 1610 1620 1665 suppl.
1655 1609 1752 1653 add.
1774 1613 1944 1667 postr.).

329 1676 411 1719 378
441 1677 597 1720 Vibius
638 1677 920 1721 Gominianus
959 1678 1163 1722 Valerius
1207 1679 1334 1734 Pius,
1377 1679 1557 1721 maritus
1603 1679 1823 1722 Domitiae
1862 1679 2138 1723 Domitianae

414 1745 677 1790 clarissimae
707 1748 891 1790 feminae
920 1748 962 1791 V
981 1751 1111 1793 5228.
1791 1799 1794 1803 ,

328 1815 411 1858 379
442 1822 485 1867 o.
517 1822 680 1858 VIBIVS
714 1823 928 1862 CRISPVS.
995 1817 1103 1860 Tria
1129 1817 1306 1860 nomina
1338 1816 1492 1860 GIAtt.
1523 1817 1613 1860 ΙΙΙ
1634 1820 1728 1868 619,
1768 1817 1869 1860 item
1906 1817 1954 1860 m
1981 1817 2138 1873 fistulis

410 1883 622 1938 plumbeis
656 1885 727 1940 (ef.
756 1886 920 1942 infra);
950 1889 1182 1941 praeterea
1212 1900 1474 1941 praenomen
1513 1886 1792 1941 confirmatur
1830 1885 1952 1929 titulo
1996 1885 2139 1930 liberti

414 1952 494 1995 IX
509 1955 631 1995 4881.
664 1954 818 1996 Vibius
840 1954 1020 2011 Crispus
1042 1954 1158 1997 Plin.
1179 1954 1220 1997 h.
1241 1968 1283 1999 n.
1310 1954 1410 1997 Tae.
1433 1954 1574 2008 Quint.
1598 1953 1714 1997 Suet.
1740 1953 1829 1997 Dio
1851 1954 1918 2010 (de
1936 1953 2136 1998 Frontin.

417 2022 469 2075 cf.
500 2022 644 2075 infra;
675 2020 819 2080 ’Βέβιος
849 2022 1023 2080 Κρίσπος
1043 2024 1106 2066 Io.
1128 2023 1246 2074 Ant„
1279 2022 1470 2077 Suidas),
1503 2022 1683 2079 Crispus
1707 2022 1887 2074 Statius,
1921 2022 2136 2075 Martial„
2186 2061 2191 2064 .

414 2089 506 2131 Iuv.
538 2115 594 2121 —-
622 2090 788 2133 Errore
817 2092 864 2133 in
893 2091 1064 2134 scholiis
1093 2091 1152 2134 acl
1169 2091 1263 2134 Iuv.
1283 2095 1323 2142 4,
1344 2094 1399 2133 81
1431 2091 1490 2134 acl
1517 2105 1609 2133 eum
1633 2091 1774 2134 relata
1793 2104 1899 2145 quae
1924 2092 2138 2147 pertinent

417 2158 475 2201 ad
501 2158 753 2201 Passienum
785 2158 991 2215 Crispum,
1022 2164 1071 2203 ut
1098 2161 1262 2203 monuit
1289 2161 1476 2215 Lipsius.

502 2227 710 2270 Vercellis
741 2229 951 2271 oriundus
988 2230 1085 2273 Tae.
1118 2229 1220 2273 dial.
1253 2231 1282 2271 8
1321 2229 1562 2285 (municeps
1591 2228 1861 2271 Viselliensis
1889 2227 2015 2271 schol.
2047 2227 2136 2273 cod.

418 2295 532 2338 Pith.
561 2299 599 2338 et
630 2296 761 2352 Sany.
785 2299 843 2341 ad
861 2299 954 2341 Iuv.
974 2303 1013 2349 4,
1034 2302 1103 2349 81,
1137 2298 1413 2341 Placentinus
1446 2297 1572 2341 Valla
1602 2312 1653 2340 ex
1674 2298 1851 2347 scholiis
1874 2311 1981 2352 quae
2001 2296 2139 2340 Probi

411 2366 595 2419 putavit,
613 2379 756 2408 verum
770 2366 847 2409 hoc
862 2366 1115 2410 scholiorum
1132 2367 1222 2410 loco
1239 2381 1325 2409 non
1341 2367 1390 2409 de
1412 2367 1532 2410 Vibio
1553 2366 1627 2409 sed
1641 2366 1690 2409 de
1711 2365 1756 2411 G.
1771 2367 1977 2410 Passieno
1989 2365 2137 2421 Orispo

417 2434 489 2488 aqi
509 2433 665 2476 dudum
676 2439 943 2489 perspectum
965 2437 1055 2490 est).
1096 2435 1302 2478 Fortasse
1324 2435 1382 2478 ad
1400 2449 1494 2478 eum
1504 2435 1716 2490 pertinuit
1731 2435 2016 2490 fragmentum
2040 2434 2137 2477 Ver-

417 2501 775 2554 cellenseV6660,
805 2505 883 2546 ubi
905 2507 1022 2547 extat
1051 2504 1279 2560 [ho]norib.
1303 2537 1334 2548 ..
1356 2504 1527 2547 Vibi...
1564 2537 1573 2546 .
1623 2504 1823 2546 Libertae
1843 2504 1932 2547 eius
1952 2503 2138 2558 sepultae

419 2570 615 2612 Vercellis
635 2570 807 2622 V6711‚
829 2573 875 2614 in
898 2573 1079 2627 finitimo
1102 2587 1205 2627 ayro
1228 2572 1488 2615 Novariensi
1505 2572 1674 2615 V6590.
1706 2571 1874 2614 Humili
1895 2570 1989 2614 loco
2010 2577 2136 2614 natus

424 2638 521 2681 Tac.
545 2638 646 2681 dial.
662 2642 701 2683 8.
736 2640 878 2682 Natus
900 2645 997 2684 ante
1018 2656 1057 2684 a.
1075 2645 1139 2692 13,
1171 2642 1210 2684 si
1229 2641 1394 2695 quidem
1417 2641 1708 2696 octoyesimum
1729 2654 1886 2683 annum
1907 2640 2081 2683 excessit
2099 2641 2140 2682 et

416 2710 605 2749 mortuus
636 2711 696 2750 est
721 2712 817 2751 ante
843 2724 883 2752 a.
906 2713 972 2760 93,
1005 2711 1059 2764 cf.
1082 2711 1216 2764 infra.
1262 2709 1371 2752 Inde
1401 2709 1456 2752 ab
1476 2710 1655 2751 ineunte
1676 2714 1817 2751 aetate
1837 2708 1931 2751 foro
1953 2723 1998 2750 se
2018 2707 2140 2750 dedit

424 2774 522 2817 Tac.
546 2775 571 2817 Z.
596 2789 654 2827 e.;
683 2777 806 2819 cuius
836 2779 898 2819 rei
929 2779 1139 2821 maximos
1169 2778 1337 2821 fructus
1357 2778 1472 2834 cepit
1498 2778 1596 2820 Tac.
1617 2777 1718 2820 dial.
1735 2780 1775 2820 8.
1792 2780 1846 2820 13
1866 2778 1921 2831 ef.
1942 2777 1982 2822 h.
2003 2780 2047 2828 2,
2069 2779 2137 2819 10.

419 2842 731 2886 Accusationes
770 2845 938 2888 factitat
981 2847 1219 2903 imperante
1257 2846 1431 2889 Nerone
1462 2845 1563 2889 Tac.
1594 2845 1635 2888 h.
1664 2849 1707 2896 2,
1734 2849 1788 2888 10
1815 2846 1871 2900 cf.
1901 2848 1940 2896 4,
1970 2847 2036 2887 41.
2066 2847 2137 2888 42.

418 2910 545 2953 Anno
586 2913 641 2954 60
695 2914 845 2968 evicit,
899 2921 947 2957 ut
996 2915 1131 2958 frater
1185 2916 1277 2958 eius
1321 2914 1476 2958 Vibius
1524 2914 1751 2957 Secundus
1801 2912 2137 2971 repetundarum

418 2978 645 3021 damnatus
675 2980 802 3023 Italia
830 2988 996 3024 tantum
1027 2983 1294 3038 relegaretur
1324 2983 1421 3025 Tae.
1454 2997 1492 3026 a.
1524 2986 1589 3032 14,
1620 2984 1692 3026 28.
1754 2981 1910 3024 C'onsul
1938 2979 2138 3033 suffectus

418 3046 581 3089 videtur
599 3048 731 3100 fuisse
757 3050 832 3091 sub
858 3050 1050 3102 Nerone;
1079 3066 1197 3105 quem
1216 3051 1478 3094 consulatum
1500 3065 1611 3093 anno
1632 3054 1683 3092 61
1712 3051 1863 3110 tribuit
1879 3049 2139 3104 Borqhesius

423 3129 514 3169 opp.
528 3119 567 3165 4,
581 3119 663 3158 538
675 3121 855 3171 propter
863 3119 1195 3172 proconsulatus
1214 3122 1375 3173 tempus
1395 3119 1506 3173 quod
1524 3119 1686 3169 statuit,
1711 3119 1766 3172 ef.
1787 3119 1921 3172 infra.
1953 3117 2139 3161 curator

420 3195 629 3236 aquarum
668 3184 808 3226 factus
848 3201 885 3227 a.
918 3186 972 3228 68
1013 3186 1211 3229 Frontin.
1253 3201 1318 3241 aq.
1359 3190 1445 3230 102
1489 3186 1695 3240 (traditur
1734 3185 1889 3228 Albius
1925 3184 2136 3242 Crispus).

422 3248 474 3290 A.
498 3250 551 3291 69
571 3250 765 3293 Annium
786 3253 1006 3306 Faustum,
1040 3254 1274 3296 delatorem
1296 3255 1440 3296 fratris
1462 3255 1541 3308 sui,
1573 3253 1628 3296 ad
1649 3255 1938 3308 cognitionem
1963 3259 2136 3296 senatus

422 3324 549 3359 Vocat
574 3320 671 3363 Tac.
692 3320 732 3362 h.
754 3323 797 3371 2,
820 3324 884 3363 10.
946 3320 983 3363 A
1010 3322 1186 3365 Vitellio
1217 3323 1273 3366 ad
1303 3324 1506 3366 convivia
1533 3322 1753 3366 adhibitus
1776 3321 1865 3365 Dio
1886 3324 1951 3373 65,
1972 3324 2016 3366 2.
2065 3321 2138 3364 In-
