2242 3672
107 253 291 291 VARIVS
975 249 1060 293 387
1770 258 1925 294 VARIA

192 386 340 443 epicus
362 384 519 428 Horat.
540 387 622 429 sat.
645 388 683 436 1,
706 389 772 436 10,
793 390 846 429 44
867 387 921 440 cf.
945 400 1075 432 carm.
1096 391 1135 438 1,
1158 391 1197 439 6,
1219 391 1258 439 1,
1290 388 1395 431 item
1425 389 1614 443 tragicus
1633 387 1843 445 Porphyr.
1869 389 1927 432 ad

190 454 299 499 Hor.
322 468 453 497 carm.
474 456 513 505 1,
532 457 570 505 6,
589 458 627 505 1,
651 454 796 497 Macr.
817 459 897 498 sat.
919 459 962 507 2,
979 459 1018 506 4,
1036 459 1079 507 2,
1105 457 1241 500 Mart.
1264 459 1303 508 8,
1326 459 1392 508 18,
1419 461 1456 508 7,
1479 471 1635 512 paney.
1658 458 1704 500 in
1724 457 1814 503 Pis.
1836 460 1926 501 238

192 524 414 580 (incertum
429 537 487 566 an
501 522 570 565 hic
579 522 737 578 Varus,
752 538 881 580 quem
892 531 1102 567 memorat
1112 525 1230 569 Om‘d.
1245 540 1296 569 ex
1306 525 1358 571 P.
1369 530 1409 578 4,
1422 529 1487 577 16,
1500 529 1554 568 31
1564 527 1618 581 ef.
1631 527 1751 581 infra
1765 541 1807 570 n.
1820 529 1924 579 202,

192 595 300 636 certe
329 592 397 635 hic
428 591 571 635 Varus
604 592 928 647 tragoediarum
957 594 1142 650 scriptor
1169 594 1286 637 Serv.
1310 595 1369 637 acl
1389 595 1479 638 buc.
1500 598 1540 646 3,
1560 595 1651 650 20).
1702 595 1922 652 Thyesten

110 690 112 693 -
191 660 461 717 tragoediam
481 667 580 718 post
590 661 814 704 Actiacam
831 662 1057 704 victoriam
1069 662 1268 718 Augusto
1290 663 1404 706 ludis
1421 665 1514 707 eius
1531 665 1577 707 in
1593 679 1749 707 scaena
1765 664 1923 718 edidit3

189 746 270 789 pro
301 745 388 788 qua
417 728 568 773 fabula
599 730 843 773 sestertium
870 730 1044 774 deciens
1072 733 1240 789 accepit
1271 732 1460 775 scholion
1488 732 1634 776 Paris.
1667 734 1926 788 (memorant

184 799 428 857 *Thyestem
445 800 537 842 eius
555 799 698 853 Quint.
708 802 747 850 3,
759 802 799 850 8,
812 802 878 842 45.
897 803 962 851 10,
975 804 1013 851 1,
1026 803 1094 851 98,
1118 801 1215 845 Tac.
1230 801 1333 844 dial.
1349 804 1418 855 12,
1436 801 1681 857 Philaryyr.
1697 802 1755 845 acl
1770 802 1923 858 Veryil.

190 868 262 913 ecl.
284 871 324 920 8,
347 871 413 911 10.
444 867 661 925 Thyestes
681 883 770 910 non
791 869 884 910 eius
907 868 981 911 sed
1003 869 1188 924 Vergilii
1204 869 1364 914 Donat.
1380 871 1525 925 praef.
1545 871 1603 914 acl
1621 871 1738 926 Very.
1759 872 1849 915 buc.
1869 873 1924 913 81

188 936 280 993 [ap.
297 937 452 992 Hayen
466 936 626 980 Jahn's
640 936 798 980 Jahrb.
816 936 966 992 Suppl.
983 940 1022 988 4,
1042 937 1142 994 741]
1158 938 1211 992 cf.
1232 938 1350 982 Serv.
1369 939 1427 981 acl
1447 939 1538 981 buc.
1557 943 1597 990 3,
1615 943 1687 991 20,
1709 955 1793 982 non
1817 940 1921 994 eiuS,

190 1005 268 1049 sed
289 1005 428 1049 Cassii
450 1006 699 1049 Parmensis
716 1005 930 1062 Porphyr.
954 1006 1013 1049 ad
1032 1006 1141 1050 Hor.
1160 1021 1221 1061 ep.
1239 1011 1277 1058 1,
1294 1011 1332 1058 4,
1349 1011 1388 1058 3,
1410 1008 1487 1050 ubi
1506 1008 1663 1050 elicitur
1677 1008 1730 1061 Q.
1748 1009 1922 1063 Varius,

189 1078 230 1119 et
265 1078 477 1118 narratur
514 1079 632 1117 iussu
661 1074 851 1129 Auyusti
890 1073 1084 1118 Cassium
1125 1074 1398 1119 Parmensem
1433 1076 1614 1119 Athenis
1649 1077 1921 1131 interfecisse,

188 1145 371 1201 fortasse
403 1145 603 1199 confusus
632 1158 725 1186 cum
766 1143 853 1186 alio
882 1145 1022 1187 nescio
1053 1159 1134 1199 quo
1168 1145 1279 1188 Varo
1309 1145 1372 1187 vel
1412 1145 1570 1200 Varicy.
1623 1145 1838 1188 Carminis
1869 1146 1923 1188 de

187 1221 327 1257 morte
353 1213 591 1268 (Caesaris)
622 1212 860 1255 versiculos
893 1213 1123 1255 nonnullos
1155 1214 1347 1256 servavit
1367 1214 1617 1257 Macrobius
1648 1218 1686 1266 6,
1717 1219 1754 1266 1,
1783 1218 1837 1258 39
1866 1215 1921 1259 al.

190 1283 262 1339 (cf.
283 1283 505 1327 Baehrens
534 1283 691 1338 fraym.
714 1285 830 1337 poet.
853 1282 952 1326 Lat.
975 1297 1023 1337 p.
1045 1282 1154 1337 337),
1189 1297 1244 1324 ex
1273 1284 1538 1339 panegyrico
1559 1283 1749 1338 Augusti
1769 1298 1922 1326 versus

190 1352 343 1396 Horat.
366 1367 427 1408 ep.
449 1356 488 1404 1,
513 1355 579 1404 16,
602 1355 662 1395 27
683 1351 857 1395 testibus
878 1351 1062 1394 scholiis.
1109 1352 1251 1394 Etiam
1276 1351 1515 1407 elegiorum
1537 1359 1689 1394 auctor
1711 1353 1922 1407 Porphyr.

152 1451 156 1457 ·
190 1421 250 1465 acl
288 1422 452 1466 Horat.
477 1426 516 1473 1,
545 1425 584 1473 6,
615 1424 654 1464 1.
696 1446 747 1451 —
790 1420 1037 1464 Familiaris
1076 1421 1341 1463 Maecenatis
1382 1421 1538 1463 Horat.
1579 1424 1659 1464 sat.
1701 1426 1748 1472 1,
1781 1425 1817 1477 6,
1856 1424 1919 1476 55,

178 1505 336 1548 paney.
367 1493 416 1535 in
442 1490 534 1536 Pis.
559 1493 659 1542 238,
691 1490 894 1534 Martial.
922 1493 963 1542 8,
992 1493 1058 1541 56,
1089 1493 1160 1534 21.
1191 1493 1261 1541 12,
1289 1493 1330 1541 4,
1358 1494 1395 1533 1.
1445 1490 1498 1532 A.
1529 1490 1610 1533 717
1643 1491 1725 1532 iter
1755 1490 1921 1532 Maece-

187 1563 302 1606 natis
346 1560 663 1604 Brundisinum
710 1561 945 1603 comitatur
985 1559 1192 1603 Sinuessa
1233 1558 1472 1602 Canusium
1513 1573 1650 1615 usque
1691 1559 1800 1601 Hor.
1839 1562 1921 1601 sat.

187 1636 226 1684 1,
257 1634 298 1685 5,
327 1634 396 1675 40.
428 1633 493 1675 93.
555 1630 653 1674 Una
688 1644 789 1672 cum
818 1629 1073 1672 Maecenate
1103 1635 1230 1671 cenat
1260 1627 1376 1685 apud
1407 1627 1690 1670 Nasidienum
1721 1628 1779 1670 ib.
1807 1631 1850 1679 2,
1880 1630 1920 1678 8,

187 1704 259 1746 21.
288 1703 356 1744 63.
405 1699 589 1744 Amicus
620 1699 793 1742 Horatii
823 1699 880 1741 ib.
912 1701 953 1750 1,
985 1701 1023 1750 9,
1054 1701 1126 1742 23.
1174 1698 1408 1740 Horatium
1438 1696 1681 1739 Maecenati
1711 1711 1921 1739 commen-

188 1770 311 1814 davit
340 1770 396 1814 ib.
426 1772 476 1821 1,
507 1772 547 1821 6,
577 1770 642 1830 55.
711 1768 913 1824 Augusto
955 1782 1129 1825 quoque
1171 1766 1356 1809 dilectus
1396 1766 1553 1808 Horat.
1586 1780 1647 1821 ep.
1678 1768 1733 1817 2,
1762 1770 1805 1817 1,
1837 1769 1925 1809 247

189 1840 245 1895 cf.
275 1839 472 1883 Macrob.
503 1841 548 1894 2,
578 1841 618 1890 4,
648 1840 692 1882 2.
751 1837 980 1893 Augustus
1020 1836 1272 1879 muneribus
1314 1850 1413 1878 eum
1453 1835 1598 1877 affecit
1638 1834 1795 1878 Horat.
1828 1835 1853 1878 l.
1886 1849 1920 1877 c.

190 1907 408 1964 (Caesaris
429 1909 594 1950 amicus
621 1907 763 1961 Quint.
786 1909 823 1958 6,
844 1908 886 1958 3,
906 1908 973 1957 78,
1004 1906 1045 1947 si
1071 1905 1183 1948 idem
1213 1904 1302 1959 6319.
1353 1903 1573 1958 Vergilius
1607 1905 1798 1945 carmina
1830 1904 1922 1946 eius

189 1977 428 2023 admiratur
467 1977 586 2032 Very.
619 1977 710 2020 buo.
742 1979 780 2027 9,
811 1978 877 2030 35,
918 1975 1128 2017 iudicium
1160 1976 1251 2017 eius
1282 1974 1428 2028 magni
1463 1972 1568 2015 facit
1598 1973 1806 2015 Horatius
1841 1975 1921 2016 sat.

190 2053 229 2101 1,
250 2052 318 2100 10,
339 2051 416 2101 81,·
447 2048 501 2102 cf.
535 2050 618 2092 art.
642 2050 758 2101 poet.
786 2048 852 2089 55.
912 2044 1097 2100 Vergilii
1129 2042 1452 2086 contubernalis
1484 2041 1694 2096 Porphyr.
1727 2041 1785 2083 acl
1814 2041 1922 2085 Hor.

190 2133 321 2162 carm.
344 2121 381 2169 1,
408 2120 446 2168 6,
473 2120 499 2160 1
530 2116 585 2171 cf.
615 2115 904 2170 Hieronymus
935 2115 992 2157 acl
1023 2129 1062 2158 a.
1089 2117 1218 2157 2000.
1271 2112 1426 2154 Amica
1459 2112 1552 2153 eius
1582 2110 1724 2152 Plotia
1755 2110 1920 2164 Hieria,

190 2202 290 2231 cum
320 2201 407 2244 qua
444 2186 575 2228 etiam
605 2183 828 2239 Vergilius
868 2182 1228 2225 consuetudinem
1269 2180 1474 2223 habuisse
1506 2179 1732 2221 dicebatur
1761 2178 1921 2221 Donat.

189 2259 261 2302 vit.
294 2255 447 2311 Veryil.
479 2253 664 2308 (Sueton.
698 2253 750 2296 ed
790 2251 1101 2305 Reifferscheid
1131 2266 1179 2306 p.
1211 2252 1281 2307 57)
1324 2250 1378 2303 cf.
1421 2248 1548 2292 schol.
1588 2248 1720 2290 Bern.
1761 2247 1819 2290 ad
1850 2247 1922 2290 ecl.

191 2330 230 2378 6,
261 2329 328 2369 17.
378 2325 500 2367 Inter
529 2323 711 2366 heredes
741 2321 928 2377 Vergilii
958 2320 1136 2375 Verqilii
1162 2320 1252 2361 vita
1282 2318 1455 2361 Donato
1486 2317 1706 2371 adscripta
1737 2316 1922 2371 (Sueton.

192 2395 254 2439 ed.
285 2392 419 2446 Reiff.
452 2407 500 2448 p.
532 2392 617 2447 63).
678 2392 733 2434 Ei
775 2397 818 2433 et
859 2389 1002 2432 Plotio
1033 2389 1208 2431 Tuccae
1239 2386 1459 2441 Vergilius
1501 2386 1690 2427 moriens
1730 2385 1787 2439 (a.
1821 2385 1922 2439 735)

193 2464 355 2521 scripta
385 2477 464 2505 sua
487 2461 651 2517 legavit
672 2461 745 2516 (ib.
770 2474 818 2514 p.
842 2462 895 2501 64
915 2456 1079 2514 Rem).
1131 2454 1329 2498 Aeneida
1360 2453 1497 2495 edidit
1527 2468 1613 2495 una
1642 2467 1741 2495 cum
1762 2453 1920 2506 Tucca,

192 2539 368 2577 auctore
398 2531 620 2586 Augusto,
654 2535 805 2572 contra
836 2528 971 2584 ipsius
1003 2524 1186 2580 Vergilii
1219 2523 1485 2565 voluntatem
1518 2522 1598 2573 ib.;
1639 2523 1693 2576 cf.
1727 2521 1844 2564 Servo.
1878 2522 1923 2563 in

191 2602 300 2645 Aen.
322 2614 526 2657 procem„
565 2600 662 2641 item
703 2597 761 2639 ad
789 2600 831 2651 2,
858 2599 950 2639 566.
982 2598 1022 2646 4,
1043 2597 1135 2637 436.
1166 2595 1205 2643 5,
1229 2595 1323 2634 871.
1358 2595 1394 2641 7,
1416 2593 1497 2633 464
1507 2604 1520 2642 ;
1549 2590 1836 2644 Hieronymus
1867 2589 1925 2631 ad

193 2686 233 2715 a.
265 2670 374 2714 Abr.
404 2672 533 2714 2000.
595 2666 823 2721 Quaedam
854 2665 908 2707 de
938 2662 1123 2718 Vergilii
1169 2662 1341 2716 ingenio
1379 2658 1661 2715 moribusque
1691 2661 1924 2700 memoriae

191 2739 372 2784 tradidit
392 2737 570 2793 Quintil.
587 2740 651 2787 10,
672 2739 711 2780 3.
733 2738 762 2777 8
781 2734 853 2790 (cf.
874 2733 983 2777 Gell.
1001 2736 1065 2781 17,
1084 2735 1150 2782 10,
1169 2730 1297 2784 2).‘*—
1319 2729 1562 2785 Epicureus
1580 2728 1721 2781 Quint.
1741 2731 1779 2778 6,
1797 2731 1838 2778 3,
1858 2729 1922 2769 78.

191 2809 320 2854 Hunc
359 2821 446 2850 esse
486 2806 686 2855 Varium,
722 2818 843 2858 quem
875 2802 1119 2855 adloquitur
1150 2798 1424 2842 Philodemus
1454 2797 1699 2852 Epicureus
1729 2797 1776 2838 in
1805 2796 1925 2850 fraq-

191 2881 329 2921 mento
359 2875 541 2930 quodam
571 2874 675 2916 libri
703 2873 792 2929 περὶ
821 2872 1053 2923 κολακείας,
1088 2869 1186 2911 item
1215 2868 1261 2909 in
1290 2868 1528 2921 fragmento
1560 2865 1639 2908 libi
1667 2867 1754 2922 περὶ
1786 2868 1924 2921 φιλαρ-

191 2947 328 3004 γυρίας
358 2943 534 2987 coniecit
562 2942 616 2986 A
651 2941 812 2983 Koerte
841 2953 946 2982 mus.
978 2938 1208 2987 Rhen.45‚
1241 2938 1350 2978 1890
1371 2949 1421 2989 p.
1443 2937 1528 2978 172
1547 2947 1628 2988 seq.

120 3041 179 3047 —-
221 3020 401 3068 VARIA,
444 3013 545 3055 avia
575 3008 801 3066 Elagabali
834 3015 876 3051 et
909 3008 1060 3051 Severi
1092 3004 1334 3049 Alexandri
1365 3004 1438 3047 vit.
1469 3003 1662 3058 Elaqab.
1695 3005 1759 3052 10,
1792 3005 1817 3043 1
1849 3004 1923 3045 cet.

195 3083 264 3139 Of.
294 3096 430 3137 supra
458 3081 535 3124 sub
566 3079 689 3123 Iulia
720 3078 892 3121 Maesa.

120 3179 179 3186 -
221 3157 428 3195 NVMMIA
458 3155 630 3193 VARIA.

121 3248 181 3255 --
223 3226 477 3265 POSTVMIA
506 3223 678 3261 VARIA.

121 3317 180 3323 —
222 3290 358 3335 Vibia
388 3287 537 3353 Salvia
566 3286 715 3330 Varia.
1578 3344 1651 3381 25*
