2242 3672
202 244 356 281 SAMIV
358 242 382 280 S
1064 241 1084 282 1
1092 239 1143 282 71
1598 245 2020 282 SAMPSIGERAMVS

202 377 284 420 119
314 375 486 419 Samius
514 377 698 430 insignis
729 391 860 433 eques
892 378 1126 432 Romanus,
1162 377 1509 434 ‘quadringentis
1539 392 1816 420 nummorum
1845 377 2022 420 milibus

289 444 444 488 Suillio
475 444 587 487 datis
620 451 663 487 et
693 446 868 499 cognita
898 447 1301 502 praevaricatione²,
1333 447 1379 489 in
1405 446 1530 489 domo
1563 448 1700 504 ipsius
1732 446 1874 490 Suillii
1905 447 2021 489 ferro

285 513 484 556 incubuit
513 529 551 558 a.
572 514 640 568 47,
678 514 777 556 Tac.
801 529 839 557 a.
863 518 929 564 11,
950 518 988 557 5.

203 584 283 626 120
315 583 486 626 Samius
517 583 693 625 Priscus
736 582 939 636 (fortasse
970 583 1219 639 Sammius),
1262 599 1347 641 quo
1388 584 1702 627 medicamento
1744 599 1847 627 usus
1879 585 1935 626 sit
1964 585 2019 627 ad

283 652 521 695 calculosos
549 651 740 694 Galenus
769 654 856 708 περὶ
887 653 1128 709 εὐποριστῶν
1161 653 1233 695 lib.
1256 654 1317 695 II
1341 653 1442 709 (XI
1447 654 1489 696 V
1497 668 1545 708 p.
1566 657 1649 696 474
1669 653 1731 697 ed.
1755 653 1943 707 Kaehn).

202 723 278 764 121
314 721 365 764 L.
399 720 614 764 Sammius
647 720 961 776 Ae[m]ilianus,
1005 721 1055 763 L.
1087 721 1130 776 f.,
1169 722 1287 764 tribu
1319 722 1418 764 Vol.
1430 756 1440 777 ,
1476 738 1585 779 equo
1617 722 1809 779 publico,
1843 722 2022 765 allectus

284 791 329 832 in
379 791 574 847 quinque
623 789 854 844 de[cu]rias
903 789 1128 846 lupercus3
1188 791 1434 847 praefectus
1475 792 1662 834 cohortis
1708 792 1753 834 II
1797 792 2022 848 Hispanae

283 859 534 902 Vasconum
579 859 744 901 civium
789 859 1107 913 Romanorum3
1151 858 1308 901 flamen
1355 862 1605 916 provinciae
1650 861 1945 903 Narbonensis
1992 865 2019 904 t.

194 942 198 946 ’
283 927 586 971 Nemausensis
615 927 724 970 XII
744 930 854 970 3183
885 928 940 982 cf.
973 927 1071 970 add.
1096 943 1144 982 p.
1165 931 1260 971 836.

197 999 279 1040 122
312 997 612 1040 Sammonicus
636 996 825 1039 Serenus
848 995 1170 1051 (Sammonicus
1195 996 1384 1040 Serenus
1409 999 1482 1041 vit.
1506 998 1656 1041 Carae.
1678 1003 1717 1050 4,
1739 1002 1778 1049 4,
1806 999 2019 1050 Macrob„

283 1067 474 1110 Serenus
505 1081 593 1109 non
615 1065 851 1122 Septimius
884 1065 959 1108 sed
987 1065 1288 1108 Sammonicus
1312 1067 1462 1110 Sidon.
1484 1067 1570 1122 Ap.
1592 1072 1658 1118 14,
1689 1068 1878 1110 Serenus
1900 1068 2019 1111 Sam-

279 1137 478 1179 monicus
507 1134 848 1186 vit.'G0rdian.‚
891 1135 1009 1179 Serv.
1044 1135 1103 1178 ad
1127 1150 1269 1191 yeory.
1305 1140 1343 1187 1,
1375 1139 1471 1187 102,
1510 1137 1810 1179 Sammonicus
1840 1138 2018 1188 Arnob„

280 1206 398 1250 Serv.
422 1205 482 1247 ad
496 1219 637 1260 yeory.
660 1208 698 1256 1,
725 1208 794 1255 30,
828 1204 1018 1248 Serenus
1051 1204 1326 1248 Sammonius
1356 1207 1428 1248 vit.
1455 1206 1549 1249 Get.
1577 1209 1616 1257 5,
1640 1209 1676 1261 6,
1712 1206 1901 1249 Serenus
1932 1222 2019 1249 am-

278 1275 477 1317 monicus
507 1275 580 1317 vit.
602 1273 727 1318 Alex.
747 1274 844 1329 30);
880 1275 1021 1316 ‘cuius
1050 1274 1150 1317 libri
1181 1273 1358 1329 plurimi
1389 1275 1445 1317 ad
1476 1275 1718 1317 doctrinam
1749 1277 1913 1318 extant'
1946 1277 2018 1318 vit.

279 1343 431 1388 Carae.
456 1347 496 1395 4,
528 1347 568 1394 4,
608 1344 693 1385 ‘vir
723 1342 895 1385 saeculo
927 1358 1004 1385 suo
1036 1343 1222 1404 doctus’,
1257 1343 1528 1400 temporibus
1560 1344 1723 1398 Severi,
1759 1346 1850 1401 ‘qui
1881 1352 2019 1387 osten-

279 1413 412 1456 debat
444 1412 647 1455 duritiam
679 1413 865 1454 morum'
900 1413 1098 1457 Macrob.
1127 1416 1207 1455 sat.
1234 1416 1273 1464 3,
1301 1417 1367 1464 16,
1400 1417 1438 1456 6.
1504 1413 1654 1456 Verba
1684 1428 1739 1455 ex
1768 1412 1880 1456 libro
1912 1415 2017 1469 eius,

278 1497 408 1540 quem
428 1482 549 1524 dedit
572 1481 644 1524 ‘ad
665 1483 908 1538 principem
939 1489 1096 1536 suum‘,
1129 1483 1236 1525 citat
1258 1482 1455 1527 Macrob.
1477 1485 1558 1525 sat.
1581 1486 1621 1532 3,
1644 1485 1710 1533 16,
1733 1485 1759 1524 6
1778 1496 1874 1536 seq„
1905 1486 1971 1533 17,
1994 1487 2020 1525 4

277 1551 367 1608 (sed
396 1566 446 1594 ex
474 1551 627 1606 quibus
659 1553 861 1605 apparet,
906 1550 964 1593 ad
995 1550 1229 1605 complures
1262 1551 1484 1606 principes
1518 1551 1675 1593 librum
1712 1550 1859 1593 datam
1893 1552 2019 1608 esse),

274 1620 411 1663 verba
441 1635 497 1662 ex
526 1620 637 1663 libro
664 1620 815 1676 quinto
848 1634 993 1662 rerum
1018 1619 1343 1662 reconditarum
1373 1621 1467 1662 eius
1498 1619 1556 1663 id.
1585 1623 1624 1670 3,
1652 1623 1692 1670 9,
1715 1623 1741 1662 6
1751 1634 1764 1671 ;
1795 1628 2020 1676 praeterea

276 1691 438 1746 scripta
459 1691 552 1732 eius
574 1691 711 1732 citant
723 1688 888 1731 Arnob.
907 1689 1000 1732 adv.
1020 1703 1062 1744 y.
1079 1692 1116 1740 6,
1136 1692 1165 1731 7
1171 1703 1184 1741 ;
1205 1689 1382 1733 Servius
1413 1689 1472 1731 ad
1487 1703 1628 1744 yeory.
1652 1693 1690 1739 1,
1712 1692 1779 1732 30.
1803 1693 1902 1732 102.
1948 1690 2018 1732 Ab

276 1758 491 1814 Augustis
522 1759 725 1801 convivio
757 1757 980 1800 adhibitus
1010 1759 1101 1812 ipse
1132 1773 1201 1813 ap.
1235 1758 1432 1801 Mam-ob.
1466 1761 1506 1808 3,
1536 1761 1601 1808 16,
1629 1761 1666 1802 7.
1722 1758 1879 1800 Libros
1913 1760 2015 1813 eius,

278 1842 387 1884 quos
419 1828 473 1870 ad
504 1828 777 1871 Antoninum
801 1827 1119 1884 (Caracallam)
1143 1829 1327 1884 scripsit,
1351 1827 1711 1870 familiarissimos
1732 1827 1885 1870 habuit
1907 1828 2019 1871 Geta

273 1898 348 1940 vit.
376 1896 510 1940 Getae
527 1900 567 1948 5,
591 1900 629 1940 6.
680 1896 862 1940 Occisus
894 1912 920 1939 a
950 1896 1177 1941 Caracalla
1206 1898 1278 1940 vit.
1305 1896 1459 1940 Carae.
1489 1900 1527 1947 4,
1561 1899 1600 1939 4.
1652 1896 1760 1938 Eius
1792 1895 1905 1951 libri,
1939 1898 2015 1953 qui

275 1965 564 2009 censebantur
593 1966 650 2008 ad
681 1967 911 2022 sexaginta
931 1973 975 2008 et
995 1966 1080 2008 duo
1103 1965 1250 2021 millia,
1284 1981 1310 2008 a
1340 1965 1428 2008 filio
1450 1965 1590 2008 relicti
1613 1965 1837 2008 Gordiano
1859 1967 2017 2008 minori

277 2036 349 2079 vit.
379 2034 513 2078 Gord.
536 2038 604 2087 18,
627 2039 672 2079 2.

193 2105 275 2148 123
307 2104 399 2158 (Q.)
427 2104 618 2148 Serenus
646 2104 960 2159 Sammonicus,
989 2104 1277 2145 amicissimus
1299 2103 1510 2147 Gordiani
1532 2104 1726 2157 senioris,
1760 2110 2017 2160 praeceptor

276 2174 489 2218 Gordiani
509 2174 703 2228 iunioris,
733 2174 803 2215 cui
827 2174 1017 2216 moriens
1040 2187 1187 2214 omnes
1209 2171 1343 2214 libros
1375 2173 1511 2227 patris
1542 2173 1608 2214 sui
1631 2172 1705 2228 qui
1727 2171 2017 2214 censebantur

274 2242 330 2286 ad
360 2243 589 2298 sexaginta
619 2249 662 2285 et
687 2242 774 2285 duo
803 2242 940 2284 millia
970 2241 1147 2298 reliquit
1166 2242 1237 2284 vit.
1269 2240 1401 2284 Gord.
1423 2244 1490 2292 18,
1512 2244 1556 2285 2.
1602 2241 1736 2283 Hunc
1766 2247 1815 2283 ut
1843 2241 2017 2284 videtur

271 2318 454 2354 noverat
475 2318 517 2354 et
537 2311 753 2354 dilexerat
774 2311 964 2354 Severus
987 2309 1239 2353 Alexander
1259 2310 1331 2352 vit.
1343 2309 1467 2352 Alex.
1489 2313 1557 2360 30,
1568 2313 1611 2354 2.
1645 2310 1781 2352 Poeta
1795 2310 1852 2354 ib.
1890 2310 2016 2352 Eius-

276 2380 368 2424 dem
389 2384 574 2436 putatur
605 2394 690 2424 esse
718 2380 874 2433 Quinti
897 2379 1051 2423 Sereni
1082 2378 1193 2420 liber
1222 2378 1492 2420 medicinalis
1515 2379 1615 2434 (sive
1638 2392 1720 2432 qao
1741 2378 1827 2421 alio
1848 2380 2015 2421 nomine

272 2451 379 2504 fait,
422 2451 477 2504 cf.
510 2450 729 2493 Manitias
767 2462 873 2491 mas.
914 2448 1051 2490 Rhen.
1084 2451 1194 2491 1895
1214 2463 1262 2502 p.
1284 2451 1380 2504 641)
1411 2449 1487 2504 qui
1520 2454 1660 2503 extat,
1694 2462 1763 2503 ap.
1794 2447 2016 2490 Baehrens

268 2523 383 2574 poet.
411 2520 510 2564 Lat.
541 2520 643 2562 min.
666 2522 705 2569 3,
728 2521 811 2560 101
829 2531 911 2572 seq.

188 2590 270 2631 124
301 2588 689 2646 Sampsigeramus,
715 2587 1028 2629 Emesenorum
1048 2601 1128 2627 rex
1144 2583 1212 2638 (ex
1224 2586 1411 2640 posteris
1424 2586 1514 2628 sine
1532 2585 1660 2627 dubio
1678 2584 2015 2639 Sampsicerami

271 2658 497 2700 memorati
512 2672 540 2699 a
555 2656 770 2700 Strabone
782 2658 836 2697 16
848 2670 897 2710 p.
911 2657 1027 2711 753).·
1048 2655 1140 2697 eius
1161 2653 1252 2696 filia
1262 2655 1413 2711 Iotape
1434 2655 1584 2711 nupsit
1601 2653 1851 2696 Aristobulo
1864 2653 2014 2709 (supra

271 2726 315 2768 A
335 2729 447 2782 863),
470 2724 713 2768 Aristobuli
740 2723 842 2778 filio,
865 2723 1057 2766 Herodis
1078 2724 1227 2778 magni
1247 2724 1407 2779 nepoti,
1440 2722 1667 2780 Agrippae
1697 2722 1823 2765 fratri
1843 2723 2010 2778 Ioseph.

273 2798 361 2838 ant.
392 2797 459 2845 18,
490 2797 530 2845 5,
561 2798 600 2836 4.
660 2792 734 2836 Ab
764 2792 966 2849 Agrippa
1002 2805 1106 2847 rege
1136 2807 1224 2835 una
1254 2807 1354 2834 cum
1384 2791 1481 2835 aliis
1513 2792 1690 2846 regibus
1720 2791 1907 2848 hospitio
1940 2807 2012 2834 ex-

272 2870 422 2920 ceptus
437 2864 496 2907 ib.
512 2865 578 2913 19,
595 2864 636 2912 8,
653 2866 692 2905 1.
707 2885 758 2892 -
776 2861 850 2904 Ea:
870 2861 996 2904 haias
1015 2861 1198 2915 fortasse
1218 2861 1350 2916 stirpe
1366 2860 1415 2904 O.
1427 2860 1567 2903 Iulius
1584 2860 2010 2917 Sam(p)sigeramus,

272 2935 292 2976 ὃ
322 2934 386 2975 καὶ
418 2932 575 2983 Σείλας,
610 2930 658 2975 C.
680 2930 782 2973 Iulii
803 2929 1032 2973 Alexionis
1062 2929 1190 2986 filius,
1222 2930 1341 2973 tribu
1359 2929 1510 2985 Fabia,
1543 2931 1618 2987 qui
1650 2928 1898 2986 sepulcrum
1928 2930 2011 2972 sibi

272 3001 376 3044 fecit
415 3001 598 3043 Emesae
639 3016 677 3043 a.
716 3015 758 3056 p.
791 2999 894 3043 Chr.
927 2999 1054 3042 78s79
1096 3002 1124 3042 t.
1161 2999 1395 3043 Emesenas
1433 3000 1574 3043 Lebas
1612 3002 1653 3050 3,
1688 3000 1813 3042 2567.
1883 2998 2012 3040 Alias

272 3070 687 3127 Sam(p)sigeramus
718 3084 757 3112 a.
781 3083 823 3125 p.
845 3067 947 3111 Chr.
972 3068 1112 3123 182s3,
1144 3067 1327 3111 fortasse
1356 3069 1616 3123 magistratu
1646 3067 1792 3123 aliquo
1824 3067 2010 3122 fungens

271 3141 318 3182 in
357 3142 384 3182 t.
418 3138 602 3181 eiusdem
638 3137 825 3192 reyionis
864 3137 1006 3179 Lebas
1034 3139 1074 3187 3,
1104 3138 1228 3180 2564.
1288 3136 1358 3180 De
1386 3138 1554 3180 nomine
1583 3136 1923 3190 Sampsiyerami
1953 3135 2007 3189 cf.

272 3208 322 3251 de
352 3207 495 3262 Voyae
522 3206 581 3249 ad
610 3210 638 3249 t.
670 3205 973 3261 Palmyrenam
1003 3206 1132 3248 inser.
1164 3206 1312 3257 se'mit.,
1344 3206 1470 3261 Syrie
1500 3206 1684 3248 centrale
1712 3219 1756 3247 n.
1779 3207 1844 3247 75.

189 3277 270 3319 125
303 3276 694 3333 Sampsigeramus,
727 3274 930 3318 sacerdos
951 3274 1138 3317 Veneris
1159 3274 1353 3330 Emesae,
1377 3290 1478 3318 cum
1497 3290 1630 3317 manu
1651 3273 1832 3316 collecta
1853 3272 2009 3329 Sapori

270 3346 430 3387 restitit
461 3344 660 3387 Malalas
690 3343 764 3386 lib.
784 3343 893 3386 XII
908 3358 956 3398 p.
979 3346 1066 3386 296
1096 3342 1158 3385 ed.
1189 3343 1330 3389 Bonn.
