2242 3672
156 247 356 285 TILLIVS
1030 242 1116 286 319
1682 248 1976 285 TIMAGENES

158 380 236 423 151
274 378 537 436 *Tigranes,
579 395 659 422 rex
697 379 934 423 Armeniae
974 379 1241 437 temporibus
1281 379 1495 423 Antonini
1534 381 1603 423 Pii
1645 387 1689 423 et
1717 381 1776 423 M.
1809 381 1978 425 Aurelii

244 448 390 492 Moses
417 448 700 492 Chorenensis
727 449 789 492 II
812 463 845 492 c.
868 453 921 493 64
950 450 1024 504 (cf.
1058 449 1296 492 Mommsen
1314 449 1371 493 R.
1401 448 1549 492 Gesch.
1578 449 1620 492 V
1631 464 1680 504 p.
1702 453 1789 493 407
1813 454 1900 494 not.
1920 451 1977 506 1),

238 518 312 572 qai
348 532 435 561 non
472 518 608 561 solnm
648 517 811 560 nnllam
846 518 1072 573 Tiyranem
1102 532 1154 561 ex
1182 518 1241 561 eis
1272 519 1347 572 qni
1363 518 1629 573 praecedant
1656 519 1794 571 novit,
1824 520 1900 563 sed
1927 534 1979 562 ne

246 586 487 629 Tiridatem
516 586 683 642 quidem
709 586 849 642 (infra
876 601 918 631 n.
940 586 1052 641 177),
1083 600 1159 630 nee
1189 586 1445 630 Sohaemum
1475 587 1625 643 (snpra
1655 587 1693 631 S
1717 588 1828 644 546),
1858 603 1979 643 quem

238 669 333 698 vere
358 656 476 698 circa
502 655 582 698 illa
612 658 804 710 tempora
830 669 970 710 reyem
998 655 1232 699 Armeniae
1261 656 1394 710 faisse
1417 657 1586 699 scimus.

159 724 239 767 152
269 729 490 778 TILLIVS,
529 729 631 766 ante
670 738 833 766 annum
873 723 957 766 710
1003 730 1157 766 senatu
1202 724 1386 780 eiectus,
1432 731 1583 782 postea
1621 724 1758 768 latum
1802 724 1977 768 clavum

241 793 474 850 resumpsit
498 791 792 849 tribunusque
815 791 922 848 (scil.
946 791 1113 847 plebis,·
1142 793 1197 846 cf.
1222 792 1468 849 Nipperdey
1488 807 1627 848 opusc.
1648 809 1697 849 p.
1718 797 1817 851 483)
1839 795 1979 838 factus

241 868 306 904 est
325 861 481 906 Horat.
502 864 584 904 sat.
606 864 644 912 1,
668 864 706 912 6,
728 864 787 904 24
813 875 906 903 cnm
928 861 1235 916 Porphyrione,
1266 862 1368 904 item
1389 868 1565 919 praetor
1585 863 1694 908 Hor.
1718 863 1743 908 l.
1767 878 1801 907 c.
1822 878 1859 907 v.
1882 868 1978 907 107.

238 930 360 973 Idem
379 933 567 985 putatur
595 931 735 984 frater
755 930 806 973 L.
831 930 955 973 Tillii
979 929 1153 981 Cimbri,
1176 945 1263 985 pro
1293 945 1374 985 qao
1404 931 1472 974 hic
1503 930 1728 975 Caesarem
1757 933 1815 976 iol.
1840 933 1978 976 Mart.

240 1013 281 1041 a.
303 1001 385 1041 710
413 1000 593 1054 royacit,
622 1002 672 1041 at
699 1002 855 1042 narrat
885 998 1005 1043 Plat.
1034 997 1154 1043 Caes.
1185 1001 1251 1042 66.

156 1067 238 1110 153
269 1073 313 1118 Q.
335 1073 508 1110 TILLIV
511 1074 534 1110 S
566 1073 763 1110 SASSIVS
796 1068 1077 1123 (praenomen
1106 1068 1278 1122 saepias
1306 1069 1352 1110 in
1379 1071 1460 1111 act.
1479 1068 1603 1125 Arv.)
1634 1069 1770 1112 frater
1789 1069 1976 1125 Arvalis,

238 1143 354 1179 certe
398 1135 500 1179 inde
539 1136 595 1179 ab
633 1151 747 1179 anno
788 1137 864 1191 63,
905 1135 1090 1179 fortasse
1129 1137 1215 1179 iam
1255 1143 1385 1179 antea
1424 1137 1496 1193 (cf.
1538 1138 1712 1181 Henzen
1752 1142 1833 1181 act.
1870 1138 1976 1182 Arv.

236 1219 285 1260 p.
307 1204 625 1259 LXXXVII),
667 1206 874 1261 magister
904 1204 1077 1261 collegii
1108 1220 1222 1248 anno
1254 1206 1322 1260 63,
1364 1206 1461 1248 vice
1496 1205 1683 1248 flaminis
1714 1207 1979 1262 fungebatur

241 1288 280 1316 a.
307 1274 375 1329 87,
409 1275 567 1317 iterum
596 1275 804 1329 magister
833 1274 976 1316 factus
1007 1274 1051 1316 in
1080 1289 1241 1317 annum
1274 1275 1353 1328 883
1385 1275 1430 1317 in
1460 1274 1600 1317 locum
1632 1276 1723 1317 eius
1755 1276 1978 1331 (defuncti)

239 1340 351 1385 alius
389 1341 526 1386 frater
553 1342 731 1385 Arvalis
773 1348 1000 1399 cooptatus
1042 1348 1229 1385 exeunte
1269 1357 1383 1385 anno
1419 1342 1470 1385 91
1517 1346 1597 1385 act.
1628 1342 1733 1386 Arv.
1797 1343 1978 1387 Contro-

239 1411 430 1454 versiam
464 1411 654 1455 habebat
689 1426 786 1454 cum
817 1410 1186 1466 Histoniensibus,
1219 1426 1352 1468 quam
1384 1411 1559 1454 diremit
1587 1411 1753 1455 arbiter
1783 1428 1839 1455 ex
1869 1428 1981 1455 com-

239 1481 451 1536 promisso
483 1487 681 1538 sumptus
713 1480 762 1524 O.
794 1480 1028 1523 Helvidius
1058 1481 1236 1523 Priscus
1266 1481 1348 1523 IX
1372 1483 1506 1524 2827.

154 1548 238 1591 154
267 1548 518 1592 Tillorobus
562 1556 730 1605 (nomen
768 1549 880 1592 redit
916 1549 985 1592 VI
1007 1552 1172 1602 15295;
1211 1550 1376 1594 codices
1412 1550 1622 1592 Isacianei
1659 1551 1834 1593 variant
1868 1551 1980 1594 inter

152 1615 158 1621 ’
239 1617 460 1678 Τιλλοροβ-,
502 1618 725 1678 Τιλλοβορ-,
762 1618 1012 1677 ,Τιλλιβορ-,),
1055 1618 1193 1662 latro:
1237 1621 1328 1662 eius
1371 1620 1510 1662 vitam
1552 1620 1725 1676 scripsit
1762 1619 1979 1662 Arrianus

236 1687 420 1731 Lacian.
440 1687 565 1732 Alex.
587 1691 631 1733 2.

154 1757 235 1799 155
266 1756 363 1798 Tim
383 1790 392 1799 .
411 1790 420 1799 .
439 1790 448 1799 .
479 1757 682 1813 (nominis
710 1757 918 1811 reliquias
950 1757 1051 1812 leqit
1081 1756 1196 1800 solas
1222 1756 1504 1811 Ohishallas)‚
1543 1757 1855 1800 Britannorum
1885 1773 1976 1813 rex,

239 1826 314 1882 qui
354 1825 410 1868 ad
438 1825 689 1881 Augustum
727 1825 924 1881 confugit
957 1839 1069 1869 mon.
1098 1825 1261 1881 Ancyr.
1294 1828 1332 1877 6,
1363 1829 1396 1869 2
1426 1826 1481 1879 ef.
1515 1826 1714 1869 Momms.
1747 1840 1890 1870 comm.
1924 1828 1983 1870 acl

236 1908 348 1938 mon.
378 1894 541 1949 Ancyr.
574 1894 635 1940 ecl.
668 1899 700 1939 2
721 1909 769 1950 p.
792 1898 888 1938 139.
919 1898 1010 1939 140.

156 1963 235 2006 156
263 1963 544 2019 Timagenes,
586 1963 913 2007 Alexandrinus
949 1964 1024 2019 (ὡς
1056 1963 1100 2006 δέ
1127 1980 1240 2015 τινες,
1274 1961 1516 2021 Αἰγύπτιος),
1560 1964 1670 2018 regii
1702 1964 1979 2007 nummularii

236 2031 569 2092 (ἀργυραμοιβοῦ)
614 2032 754 2087 filius,
802 2049 828 2076 a
874 2033 1062 2078 Gabinio
1103 2033 1161 2089 (a.
1203 2032 1301 2087 699)
1349 2033 1551 2089 captivus
1597 2032 1779 2075 Romam
1824 2033 1980 2076 ductus

236 2100 394 2146 fluidas
422 2116 457 2145 s.
486 2116 523 2145 v.
556 2101 792 2160 Τιμαγένης.
852 2102 945 2145 Diu
985 2117 1162 2157 servus3
1203 2100 1438 2158 aliquando
1480 2115 1632 2156 cocus,
1673 2101 1833 2145 deinde
1861 2102 1980 2144 lecti-

237 2172 380 2214 carius
412 2171 575 2214 Seneca
615 2175 748 2215 contr.
787 2175 854 2222 10,
885 2175 923 2222 5,
954 2174 1031 2216 22.
1100 2171 1285 2228 Emptus
1330 2186 1356 2213 a
1400 2170 1564 2213 Fausto
1612 2170 1760 2214 Sullae
1803 2170 1890 2213 filio
1938 2178 1982 2213 et

236 2241 527 2283 manumissus
561 2240 735 2284 Saidas.
795 2240 1075 2283 Rhetoricam
1115 2239 1264 2283 docuit
1298 2240 1618 2298 (ἐσοφίστευσεν)
1651 2241 1835 2295 Romae,
1877 2247 1982 2282 tem-

237 2309 416 2366 poribus
447 2310 644 2367 Pompeii
678 2316 723 2352 et
750 2309 950 2353 Caesaris
979 2309 1183 2364 Augusti,
1216 2324 1304 2351 una
1335 2324 1434 2351 cum
1466 2308 1656 2352 Caecilio
1686 2309 1745 2351 ib.
1794 2310 1848 2351 In
1879 2310 1981 2351 ami-

239 2379 387 2421 citiam
415 2380 606 2434 Augusti
637 2379 841 2436 pervenit
862 2378 1025 2422 Seneca
1055 2381 1187 2423 contr.
1222 2377 1248 2421 l.
1281 2392 1314 2420 c.
1360 2377 1540 2420 Asinius
1572 2377 1712 2421 Pollio
1744 2377 1979 2434 aliquando

238 2449 277 2490 ei
309 2450 467 2502 iratus3
499 2449 545 2490 in
572 2449 759 2503 gratiam
790 2462 862 2490 eos
892 2447 1069 2490 reduxit
1096 2448 1189 2504 ipse
1210 2447 1436 2502 Augustus
1457 2446 1618 2490 Seneca
1639 2446 1688 2489 de
1710 2446 1781 2489 ira
1799 2449 1837 2502 3,
1854 2450 1924 2498 23,
1939 2449 1980 2488 8.

245 2517 403 2561 Schola
433 2518 595 2560 eiectus
627 2524 692 2560 est
721 2523 898 2574 propter
930 2516 1123 2571 linguam
1159 2530 1389 2573 procacem
1421 2515 1583 2559 Suidas
1614 2515 1640 2558 l.
1672 2529 1705 2557 c.
1739 2515 1803 2570 (in
1833 2515 1982 2557 schola

242 2586 281 2627 ei
303 2587 511 2628 successit
530 2584 670 2628 Pollio
694 2585 942 2628 Trallianus
960 2584 1122 2628 Saiolas
1135 2597 1169 2627 s.
1185 2598 1221 2628 v.
1240 2583 1427 2636 Πωλίων,
1450 2584 1505 2638 cf.
1520 2597 1655 2638 supra
1669 2584 1746 2626 sab
1766 2583 1812 2626 O.
1825 2583 1980 2626 Asinio

238 2653 432 2698 Pollione
459 2655 558 2710 fin„
588 2654 667 2698 vol.
690 2655 724 2697 Ι
735 2669 784 2709 p.
809 2657 919 2709 167).
974 2654 1194 2696 ‘Disertus
1233 2652 1361 2695 homo
1393 2659 1436 2695 et
1466 2653 1617 2708 dicax,
1640 2646 1686 2694 'a
1718 2667 1803 2709 quo
1844 2652 1980 2695 multa

241 2723 449 2781 improbe,
479 2723 555 2766 sed
576 2730 759 2766 venuste
780 2723 912 2766 dicta’
934 2723 1097 2766 Seneca
1118 2726 1251 2765 contr.
1266 2726 1335 2774 10,
1352 2725 1391 2773 5,
1409 2725 1494 2774 22;
1516 2721 1637 2764 Plat.
1661 2721 1711 2764 de
1733 2722 1847 2765 adul.
1871 2736 1903 2764 c.
1921 2725 1983 2765 27

241 2794 308 2849 (p.
332 2792 452 2847 68Β)
480 2793 535 2847 cf.
563 2793 721 2835 Horat.
753 2807 815 2847 ep.
848 2796 886 2843 1,
909 2795 974 2842 19,
996 2795 1049 2835 15
1059 2805 1073 2843 ;
1102 2791 1223 2834 Plat.
1252 2795 1412 2847 quaest.
1444 2805 1558 2835 conv.
1587 2795 1630 2842 2,
1662 2794 1688 2832 1
1720 2791 1785 2846 (p.
1808 2789 1979 2844 634E).

236 2862 469 2904 ‘Felicitati
502 2861 621 2904 urbis
653 2861 869 2903 inimicus‘
896 2861 1060 2904 Seneca
1081 2875 1143 2916 ep.
1165 2864 1231 2912 91,
1253 2865 1322 2904 13.
1376 2860 1487 2904 Cum
1515 2861 1559 2902 in
1581 2859 1831 2914 Augustum
1864 2865 1906 2900 et
1935 2860 1977 2900 in

242 2946 426 2974 uxorem
464 2932 556 2973 eius
598 2930 812 2987 quaedam
852 2930 1056 2985 dixisset,
1098 2930 1326 2986 Augustus
1373 2932 1412 2973 ei
1452 2930 1580 2973 domo
1627 2944 1706 2971 sua
1751 2927 1980 2970 interdixit

244 3000 406 3044 Seneca
437 2999 486 3042 cle
511 3000 582 3042 ira
600 3002 640 3051 3,
661 3002 732 3050 23,
754 3002 781 3041 4
812 3000 867 3054 cf.
889 2999 1052 3042 Seneca
1082 3002 1214 3042 contr.
1236 3003 1304 3051 10,
1326 3002 1366 3050 5,
1387 3002 1462 3050 22,
1494 2997 1610 3041 Plut.
1639 2997 1688 3039 cle
1709 2996 1823 3039 adal.
1851 3009 1885 3037 c.
1906 2998 1978 3040 27.

242 3069 294 3111 In
316 3067 622 3111 contumeliam
647 3068 833 3123 Augusti
860 3066 1078 3110 ‘historias
1109 3082 1256 3111 rerum
1286 3067 1342 3110 ab
1373 3067 1446 3110 illo
1477 3074 1698 3122 gestarum
1725 3063 1975 3106 combussit‘

245 3137 407 3181 Seneca
427 3140 560 3181 contr.
584 3136 611 3179 l.
635 3150 683 3188 c.,
716 3136 880 3180 Seneca
910 3136 961 3179 de
989 3137 1061 3179 ira
1079 3140 1120 3188 3,
1140 3139 1211 3188 23,
1235 3140 1274 3180 6.
1328 3136 1584 3180 ‘Consenuit
1614 3136 1658 3176 in
1690 3133 1978 3176 contubernio

245 3206 386 3248 Asinii
417 3204 642 3247 Pollionis’
668 3204 830 3248 Seneca
852 3204 902 3247 de
922 3205 995 3247 ira
1013 3208 1051 3260 3,
1076 3208 1146 3256 23,
1166 3208 1193 3249 5
1213 3219 1323 3260 seq.‚·
1352 3205 1397 3247 in
1428 3218 1531 3260 agro
1558 3201 1806 3245 Tusculano
1839 3198 1910 3253 (sc.
1932 3201 1979 3243 in

242 3274 348 3317 villa
375 3273 604 3328 Pollionis)
636 3273 756 3328 degit
786 3273 959 3317 Saidas.
1021 3274 1223 3316 Decessit
1261 3275 1307 3316 in
1346 3273 1518 3317 Albano
1553 3272 1741 3329 (Λαβάνῳ
1772 3269 1977 3323 traditur)

246 3342 410 3387 Saidas
440 3341 466 3385 l.
499 3356 534 3385 c.
565 3343 618 3397 cf.
649 3355 682 3385 s.
713 3356 751 3384 v.
782 3342 1026 3401 σφηνωθείς.
1051 3367 1101 3374 -
1126 3343 1422 3386 Historiarum
1452 3342 1636 3397 scriptor
1658 3338 1818 3383 Seneca
1839 3337 1980 3381 deira
