2242 3672
304 282 514 320 TVLLIVS
1157 266 1240 309 342
1311 272 1313 274 ’
1895 268 2109 306 TVLLIVS

304 334 1936 352 ———“--—————-———————————-

390 413 444 466 cf.
474 411 581 454 Geli.
602 414 640 459 4,
665 412 729 458 10,
752 411 777 449 6
808 406 910 461 (nisi
937 405 1041 446 haee
1071 417 1121 445 ex
1152 402 1239 445 alio
1270 402 1379 444 libro
1407 401 1576 444 Tironis
1595 403 1765 455 sumpta
1793 402 1922 457 sano.
1968 399 2038 442 Ab
2060 414 2110 442 eo

391 481 493 522 editi
523 478 786 535 putabantur
827 475 926 516 libri
957 480 1043 515 tres
1076 473 1270 514 iocorum
1300 470 1524 514 Ciceronis
1559 469 1734 523 Quintil.
1765 473 1803 520 6,
1834 472 1874 520 3,
1903 471 1943 520 5,
1982 467 2110 511 schol.

389 549 498 591 Bob.
531 548 574 589 in
606 546 714 589 sest.
746 548 809 594 64,
843 546 922 586 135
942 557 991 597 p.
1012 544 1094 584 309
1124 541 1275 591 Orell.,
1309 541 1364 594 ef.
1398 540 1596 582 Macrob.
1627 541 1708 581 sat.
1739 541 1783 588 2,
1816 542 1855 590 1,
1887 541 1954 583 12.
2013 539 2112 595 Ipse

391 616 630 672 complures
660 613 792 656 libros
815 612 868 654 de
890 627 972 653 usu
1003 616 1132 666 atque
1164 611 1331 652 ratione
1361 609 1537 663 linguae
1557 608 1751 661 Latinae,
1783 608 1883 649 item
1903 606 1958 649 dc
1978 606 2111 649 variis

389 691 519 740 atque
559 682 783 738 promiscis
828 678 1152 736 quaestionibus
1197 679 1457 734 composuit,
1503 678 1548 718 in
1587 676 1654 718 his
1694 675 1915 722 πανδέκτας
1949 674 2114 718 Gellius

389 755 454 802 13,
485 754 511 793 9
521 764 534 801 ,·
568 750 686 791 ‘Tiro
728 750 773 790 in
813 747 1040 804 pandecte'
1074 748 1232 789 citatur
1262 744 1433 789 Charis.
1466 749 1504 796 1,
1531 747 1621 789 207
1647 744 1709 787 ed.
1742 743 1858 794 Keil,
1890 747 2114 800 praeterea

386 819 496 862 liber
535 818 663 860 huius
702 818 872 872 generis
911 815 1019 859 Geli.
1049 819 1119 866 12,
1151 818 1191 869 3,
1221 817 1271 865 3,
1314 813 1524 871 epistulae
1565 814 1658 855 eius
1694 812 1748 855 de
1785 809 2112 869 quaestionibus

388 886 680 942 grammaticis
711 886 768 928 ib.
796 889 833 936 6,
854 888 893 936 3,
916 888 981 928 10.
1013 888 1078 934 10,
1102 887 1139 934 1,
1162 886 1201 926 7.
1260 882 1496 926 Adhibitus
1528 897 1554 924 a
1581 881 1723 924 Plinio
1743 880 1861 925 Plin.
1884 879 1924 922 h.
1946 893 1988 923 n.
2008 882 2047 930 1,
2067 881 2111 922 2.

390 956 524 998 Notas
551 953 768 996 scribendi
792 953 955 1009 primus
979 958 1245 995 commentus
1267 957 1334 993 est
1353 951 1640 1005 Hieronymus
1661 949 1719 992 ad
1739 964 1779 992 a.
1795 952 1922 999 2013,
1953 946 2110 990 Isidor.

391 1024 495 1078 oriq.
521 1027 559 1074 1,
586 1026 644 1066 21
671 1022 809 1077 (Suet.
838 1020 1239 1073 ed.'Reifferseheid
1251 1035 1299 1075 p.
1317 1019 1427 1075 135).
1484 1018 1552 1073 Cf.
1585 1017 1748 1070 Teuffel
1777 1018 1809 1073 5
1827 1020 1922 1068 190,
1943 1020 1983 1059 4.
2005 1017 2045 1059 5.

317 1127 374 1132 —-
417 1109 461 1146 L.
493 1108 746 1144 DASVMIVS
778 1108 991 1143 TVLLIVS
1023 1106 1222 1143 TVSCVS.

303 1183 387 1226 283
418 1188 627 1224 TVLLIVS
649 1187 834 1225 VARRO.
878 1181 924 1225 T.
957 1181 1137 1223 Viierbii
1160 1183 1321 1230 eatans,
1354 1178 1592 1234 acephalas,
1625 1177 1699 1220 sed
1726 1191 1846 1231 quem
1873 1176 1999 1219 huius
2028 1189 2114 1219 esse

389 1250 567 1293 ostendit
585 1264 733 1292 nomen
754 1250 839 1304 filii
857 1250 903 1291 in
923 1249 1006 1304 fine
1018 1249 1318 1303 perscriptam,
1340 1248 1422 1290 XI
1433 1251 1545 1290 3004
1565 1267 1621 1282 =
1641 1246 1734 1302 syll.
1760 1259 1876 1288 meae
1895 1247 2010 1288 1002
2030 1244 2115 1301 (1),·

386 1322 643 1361 memoratur
679 1319 726 1360 in
766 1322 794 1360 t.
832 1318 1131 1372 Tarquiniensi
1169 1318 1253 1373 filii
1280 1317 1362 1359 XI
1381 1319 1491 1359 3364
1520 1317 1596 1372 (2).
1632 1339 1690 1346 ρ-
1733 1315 1874 1357 Varro
1919 1316 1948 1357 t.
1978 1317 2012 1358 2
2049 1312 2114 1367 (in

389 1391 416 1429 t.
447 1391 473 1430 1
502 1401 651 1430 nomen
672 1387 836 1441 periit).
897 1386 1134 1428 Decemvir
1164 1385 1353 1428 stlitibus
1383 1384 1647 1439 iudicandis,
1690 1383 1890 1426 tribunus
1928 1381 2114 1425 militum

384 1456 565 1510 legionis
597 1456 707 1498 VIII
736 1455 802 1497 bis
833 1454 1059 1510 Augustae
1094 1454 1161 1510 (de
1191 1455 1432 1509 eoqnomine
1461 1454 1526 1496 bis
1554 1452 1775 1508 Augustae
1805 1451 1859 1506 ef.
1888 1450 2116 1494 Bormann

387 1524 444 1566 ad
482 1527 509 1568 t.
543 1524 599 1579 1),
647 1531 850 1581 quaestor
889 1524 1141 1580 provinciae
1172 1523 1328 1566 Cretae
1369 1530 1412 1566 et
1443 1522 1736 1579 Cyrenarum,
1780 1519 1933 1563 aedilis
1961 1519 2111 1576 plebis,

388 1600 582 1650 praetor,
624 1593 793 1647 legatus
829 1593 918 1634 divi
945 1593 1204 1648 Vespasiani
1244 1592 1428 1647 legionis
1459 1591 1574 1634 XIII
1604 1590 1836 1645 Geminae,
1878 1587 2115 1646 proconsul

388 1663 640 1718 provinciae
685 1661 968 1704 Macedoniae
1011 1664 1038 1703 t.
1081 1664 1119 1704 1.
1195 1661 1325 1703 Pater
1367 1661 1416 1706 P.
1458 1659 1591 1702 Tullii
1628 1659 1839 1702 Varronis
1889 1658 1996 1714 (eius
2040 1657 2117 1711 qui
2169 1703 2171 1705 ,

386 1730 589 1785 sequitur)
622 1734 648 1772 i.
679 1734 717 1772 1.
750 1734 792 1774 2.

305 1810 388 1852 284
417 1817 457 1852 Ρ.
483 1817 694 1852 TVLLIVS
715 1816 898 1853 VARRO.
947 1810 992 1853 T.
1019 1810 1341 1864 Tarquiniensis
1369 1810 1457 1865 ipsi
1475 1809 1645 1864 positas
1663 1808 1749 1851 XI
1759 1801 1868 1851 3364
1893 1807 1966 1864 (1).
2015 1806 2116 1861 ljose

388 1879 535 1932 posuit
565 1879 691 1932 patri
729 1882 757 1921 t.
800 1879 981 1921 Viierbii
1009 1882 1219 1921 ewtantem
1248 1878 1328 1920 XI
1348 1881 1458 1920 3004
1487 1877 1564 1933 (2).
1629 1877 1899 1919 Memoratar
1927 1876 1974 1918 in
2009 1875 2114 1918 Tar·

390 1947 600 1999 quiniensi
627 1946 707 1989 XI
724 1949 833 1989 3366
861 1946 934 2002 (3).
985 1947 1034 1989 P.
1057 1945 1228 1988 Tullius
1247 1946 1390 1989 Varro
1422 1949 1450 1989 i.
1481 1949 1520 1989 1.
1551 1949 1583 1988 2
1613 1945 1854 2000 (eo-qnomen
1885 1946 1961 1986 aut
1979 1943 2118 1998 periit

393 2018 468 2056 aat
489 2015 685 2057 omissam
706 2016 791 2068 fuit
820 2018 848 2058 t.
869 2015 925 2069 3).
975 2015 1186 2057 Varronis
1208 2012 1315 2066 (eius
1334 2015 1409 2068 qai
1428 2013 1664 2068 praeeedit)
1694 2012 1809 2055 filius
1840 2015 1869 2056 t.
1890 2015 1929 2056 1.
1975 2011 2115 2055 Tribu
2218 2004 2227 2022 ⁸

393 2082 495 2126 Stel.
529 2086 554 2127 t.
587 2087 625 2127 1.
688 2083 923 2125 Decemvir
963 2083 1153 2126 stlitibus
1194 2082 1455 2137 iudicandis,
1488 2082 1689 2124 tribunus
1718 2080 1905 2123 militum
1932 2079 2116 2135 legionis
2227 2131 2242 2142 Μ

390 2151 501 2193 XVI
532 2151 733 2199 Flaviae,
777 2159 980 2208 quaestor
1020 2153 1237 2208 urbanus,
1279 2151 1431 2194 aedilis
1463 2150 1667 2204 Cerialis,
1709 2155 1904 2206 praetor,
1945 2147 2115 2204 legatus
2195 2140 2242 2201 ἒ

390 2218 610 2273 legionum
636 2220 728 2262 XII
757 2221 1030 2264 Fulminatae
1062 2227 1104 2263 et
1122 2221 1189 2264 VI
1209 2221 1415 2264 Victricis
1445 2221 1544 2276 piae
1572 2218 1725 2273 fidelis,
1758 2217 1988 2275 proconsul
2019 2231 2115 2275 pro-

393 2289 564 2330 vinciae
594 2289 798 2331 Baeticae
829 2289 1045 2332 ulterioris
1066 2290 1320 2346 Hispaniae,
1352 2287 1596 2345 praefectus
1628 2287 1785 2330 aerarii
1816 2287 1995 2330 Saturni
2024 2289 2055 2329 t.
2076 2288 2116 2328 1.
2163 2291 2188 2298 ”
2215 2288 2223 2327 ἶ

394 2355 554 2398 Consul
586 2360 613 2400 t.
635 2360 674 2399 1.
697 2361 738 2400 3.
797 2357 953 2412 Augur
982 2362 1010 2400 t.
1033 2362 1071 2400 1.
1093 2361 1132 2401 3.
1194 2357 1382 2401 Curator
1422 2356 1535 2399 alvei
1563 2355 1735 2399 Tiberis
1777 2361 1819 2397 et
1848 2355 2043 2411 riparum
2075 2358 2118 2396 et

390 2423 633 2466 cloacarum
664 2425 787 2467 urbis
818 2429 846 2468 t.
866 2430 905 2468 1.
965 2426 1158 2481 Legatus
1187 2425 1301 2480 Aug.
1333 2439 1411 2481 pro
1441 2439 1507 2480 pr.
1539 2424 1730 2466 Moesiae
1761 2423 1996 2479 superioris
2026 2425 2056 2465 t.
2077 2425 2117 2467 1.
2145 2470 2149 2472 μ

365 2510 368 2513 ⁴
395 2492 632 2535 Proconsul
661 2494 914 2550 provinciae
944 2494 1120 2536 Africae
1150 2497 1178 2536 t.
1211 2498 1249 2536 1.
1306 2494 1487 2536 Praetor
1517 2492 1741 2546 Etruriae3
1782 2489 2117 2548 quinquennalis

394 2560 644 2615 Tarquiniis
675 2565 704 2605 t.
724 2565 763 2604 1.
807 2562 1018 2605 Thermas
1050 2562 1301 2618 Tarquiniis
1332 2567 1586 2603 testamento
1617 2559 1710 2602 fieri
1741 2560 1866 2601 iussit
1893 2562 1922 2604 t.
1942 2561 1983 2602 3.
2029 2558 2117 2602 Hie
2147 2558 2149 2562 ⁴
2179 2579 2205 2619 ’Μ

393 2631 441 2669 at
468 2628 633 2670 videtur
663 2629 832 2671 Tullius
865 2630 1050 2685 [V]arro,
1081 2636 1345 2672 memoratus
1375 2630 1421 2671 in
1452 2634 1707 2671 testamento
1741 2628 1855 2669 facto
1886 2641 1999 2670 anno
2021 2626 2116 2681 108,
2181 2623 2203 2657 ’ἶ

396 2695 592 2737 Dasumii
615 2703 663 2738 ut
682 2697 856 2740 videtur
887 2698 955 2740 VI
967 2702 1111 2742 10229
1132 2712 1168 2741 v.
1190 2701 1264 2742 22.
1310 2697 1542 2740 Praeterea
1572 2696 1697 2738 huius
1726 2696 1816 2738 sine
1846 2695 1972 2738 dubio
2001 2694 2118 2750 filius

396 2763 447 2807 L.
474 2764 709 2807 Dasumius
741 2765 919 2808 Tullius
942 2767 1111 2808 Tuscus
1143 2768 1190 2809 P.
1223 2766 1273 2819 f.,
1306 2765 1424 2808 tribu
1456 2764 1559 2808 Stel.
1591 2762 1857 2819 (adoptatus,
1892 2766 1941 2806 ut
1968 2775 2118 2806 nome-n

396 2832 594 2882 ostendi&
637 2847 664 2874 a
703 2834 754 2875 L.
785 2833 995 2876 Dasamio
1036 2834 1209 2890 aliquo),
1252 2840 1456 2890 quaestor
1497 2847 1583 2875 non
1622 2839 1722 2874 ante
1761 2846 1801 2874 a.
1834 2831 1916 2874 138
1947 2834 1974 2875 t.
2011 2831 2120 2874 Tar-
2196 2838 2199 2873 Ῑ

395 2900 624 2952 qainiensis
652 2901 732 2943 XI
752 2904 859 2944 3365
889 2903 936 2957 (t.
966 2916 1055 2944 ana
1085 2916 1178 2944 eam
1206 2902 1325 2944 illias
1356 2904 1384 2943 t.
1416 2904 1441 2944 1
1469 2915 1580 2955 rep„
1623 2903 1663 2942 et
1701 2900 1754 2942 ab
1786 2899 1926 2942 eodem
1953 2899 2120 2943 homine
2191 2895 2201 2939 s

394 2968 593 3021 positus),
628 2969 791 3011 brevius
823 2970 957 3012 dietas
987 2971 1038 3012 L.
1071 2970 1240 3013 Tullius
1271 2971 1441 3012 Tuscus
1471 2969 1563 3011 III
1582 2971 1693 3011 4117
1721 2968 1792 3023 (cf.
1814 2981 1948 3023 supra
1966 2967 2014 3011 D
2032 2967 2156 3023 10).

398 3036 449 3077 L.
470 3035 716 3087 Dasumius,
742 3039 811 3079 cai
839 3039 975 3092 filiam
1004 3040 1050 3081 in
1081 3039 1348 3093 adeptionem
1379 3038 1563 3088 dederat,
1587 3040 1729 3092 potest
1758 3050 1844 3079 esse
1872 3037 1910 3079 is
1938 3037 2040 3091 ipse,
2071 3037 2119 3080 in

399 3104 516 3145 euius
547 3107 790 3147 testamento
818 3107 932 3158 facto
965 3121 1076 3148 anno
1113 3110 1196 3149 108
1229 3110 1498 3156 memoratur,
1541 3106 1595 3159 ef.
1630 3105 1867 3147 Mommsen
1901 3104 2014 3148 CIL.
2056 3105 2125 3149 VI

396 3185 443 3223 p.
465 3174 580 3215 1349.
610 3196 667 3201 -
696 3172 888 3226 Denique
916 3174 1098 3226 fortasse
1126 3189 1212 3217 non
1243 3175 1430 3217 diversas
1459 3175 1497 3216 is
1521 3174 1595 3228 qai
1622 3173 1821 3226 sequitur.

316 3249 398 3290 285
429 3250 477 3292 P.
511 3249 678 3293 Tullius
708 3251 872 3305 Varro,
915 3267 1135 3307 possessor
1175 3254 1408 3296 fundorum
1448 3252 1735 3308 complurium
1768 3252 1814 3293 in
1843 3265 1947 3306 agro
1977 3230 2119 3294 Viter-

400 3315 539 3357 biensi
567 3317 646 3359 XI
672 3321 794 3361 3003.
855 3319 1060 3372 Aequalis
1091 3322 1141 3363 L.
1175 3322 1378 3363 Mummii
1396 3321 1540 3375 'Niqri
1568 3321 1615 3374 Q.
1654 3319 1816 3362 Valerii
1849 3318 1990 3373 Veyeii
2022 3333 2118 3362 eon—
