2242 3672
291 254 558 292 S'EPTIMIVS
1157 245 1239 286 216
1527 245 1529 248 ’
1838 250 2100 288 SEPTIMIVS
2163 265 2166 267 ·

375 385 604 428 Aureliani
633 386 760 438 caput
789 381 998 431 exhibent,
1031 379 1332 423 Vhabalathus
1371 380 1533 422 nummi
1561 380 1714 422 Latini
1743 393 1836 422 eum
1864 380 1952 423 solo
1982 367 2112 423 illius·

375 454 531 508 capite‚·
561 451 795 494 Babalatus
818 449 1005 491 traditur
1028 449 1099 493 vit.
1121 448 1347 493 Aurelian.
1367 451 1434 499 38,
1466 447 1575 491 Bala
1603 448 1732 491 codex
1749 448 1900 490 unicus
1920 447 2102 491 Polemii

378 522 515 565 Siluii.

456 588 594 631 Filius
625 586 842 629 Zenobiae
882 584 940 639 (et
967 585 1208 629 Odaenathi
1245 586 1336 627 sine
1364 585 1504 636 dubio,
1540 599 1794 639 quamquam
1822 584 1871 627 id
1897 598 1983 627 non
2011 588 2101 627 trae

373 656 504 711 ditur)
534 659 562 698 t.
592 659 646 706 2;
684 655 755 696 vit.
787 653 1013 696 Aurelian.
1043 656 1121 704 38;
1160 652 1320 695 Polem.
1353 652 1525 696 Silvius.
1592 653 1699 695 Eius
1739 653 1912 695 nomine
1953 655 2102 708 (pueri

371 723 577 778 videlice&
609 722 802 765 Zenobia
831 723 1062 777 imperium
1093 722 1233 763 tenuit
1252 721 1323 763 vit.
1345 720 1493 764 Aurel.
1519 720 1545 763 l.
1569 734 1602 763 c.
1646 720 1835 763 Puerum
1855 735 1948 764 ewm
1967 722 2100 776 fuisse

372 793 498 835 etiam
528 806 578 834 ex
605 791 786 833 nummis
807 793 999 845 apparet.
1048 789 1348 832 Vaballathum
1376 789 1424 831 in
1445 790 1591 844 patris
1622 789 1756 832 locum
1785 790 1951 832 nomine
1981 793 2101 834 tenus

370 862 611 903 successisse
649 860 760 902 inter
797 863 854 902 29
889 859 1001 914 Aug).
1032 862 1117 902 266
1158 862 1199 901 et
1236 861 1295 901 28
1323 857 1435 912 Auy.
1475 861 1566 901 267
1602 858 1749 901 docent
1775 872 1973 913 papyrus
2011 859 2098 915 (αφ,

373 929 562 972 Wilchen
603 928 629 970 Ζ.
661 927 712 982 e.)
753 931 793 970 et
829 927 992 969 nummi
1029 926 1339 976 Alexandrini,
1383 940 1432 968 ex
1469 927 1618 980 quibus
1661 930 1842 981 apparet
1877 926 2101 982 Aeyyptiis

295 1031 297 1033 .
372 1011 530 1039 annum
573 996 817 1039 Vaballathi
854 999 1052 1050 quartum
1088 997 1186 1038 item
1215 996 1346 1049 fuisse
1376 994 1608 1037 Aureliani
1626 996 1818 1049 primum
1848 995 1956 1052 (—29
1985 996 2098 1052 Auy.

370 1065 486 1120 270),
519 1079 677 1107 annum
708 1066 797 1107 eius
826 1063 1018 1118 quintum
1048 1066 1144 1107 item
1174 1064 1408 1106 Aureliani
1436 1063 1660 1106 secundum
1691 1063 1866 1119 (270l1).

453 1133 711 1188 Appellatur
732 1136 872 1175 autem
893 1136 913 1176 ὁ
936 1135 1128 1190 ἀήττητος
1148 1134 1403 1190 αὐτοκράτωρ
1434 1135 1462 1174 t.
1485 1135 1516 1176 2
1543 1131 1635 1184 (ubi
1657 1132 1766 1174 nihil
1785 1132 1949 1176 videtur
1968 1148 2100 1188 prae-

369 1203 547 1252 cessisse,
580 1203 633 1256 cf.
662 1202 851 1246 W'lcken
882 1202 908 1244 Ζ.
936 1202 1001 1256 c),
1031 1204 1052 1245 ὁ
1082 1202 1356 1259 λαμπρότατος
1388 1202 1570 1259 βασιλεὺς
1600 1201 1852 1258 αὐτοκράτωρ
1884 1205 2100 1261 στρατηγὸς

368 1270 581 1327 Ῥωμαίων
603 1284 812 1325 papyrus,
846 1273 879 1315 ὑ.
913 1288 950 1313 α.
984 1285 1019 1315 σ.
1042 1269 1103 1313 Ῥ.
1133 1270 1197 1313 vel
1227 1272 1262 1313 ὑ.
1295 1271 1378 1313 αὐτ.
1413 1284 1445 1311 σ.
1480 1268 1576 1313 Ῥω.
1608 1270 1771 1311 nummi
1795 1269 2096 1323 Alexandrini,

367 1355 408 1384 v.
451 1354 487 1381 c.
530 1355 563 1383 r.
602 1340 672 1381 im.
710 1339 751 1381 d.
793 1340 843 1383 R.
884 1340 1047 1381 nummi
1083 1340 1235 1382 Latini
1273 1340 1346 1393 qui
1376 1342 1606 1394 praeterea
1644 1338 1878 1381 Aureliani
1913 1339 2102 1395 Auyusti

368 1411 495 1463 eaput
525 1408 718 1450 exhibent
748 1408 873 1463 (illud
903 1408 1116 1462 leyendum
1147 1421 1232 1450 esse
1262 1409 1450 1454 ὑπατικὸς
1480 1408 1735 1464 αὐτοκράτωρ
1762 1409 1978 1465 στρατηγὸς
1998 1406 2100 1452 Ῥω-

371 1479 512 1533 μαίων,
541 1477 618 1519 hoc
648 1477 716 1518 vir
746 1476 1010 1519 clarissimus
1039 1491 1118 1518 rex
1149 1478 1383 1532 imperator
1412 1476 1504 1518 dux
1532 1476 1821 1518 Romanorum
1852 1476 2102 1519 invenerunt

369 1545 605 1588 Mommsen
638 1548 678 1587 et
706 1545 854 1596 Sallet,
888 1546 1155 1600 confirmavit
1175 1558 1395 1599 papyrus;
1423 1546 1537 1599 reyis
1564 1544 1826 1596 vocabulum,
1858 1545 1969 1599 quod
1995 1558 2099 1588 sane

368 1629 395 1656 a
423 1614 604 1656 nummis
630 1613 940 1656 Alexandrinis
971 1614 1111 1664 abest,
1146 1614 1423 1668 confirmatur
1452 1612 1549 1655 inde
1578 1613 1690 1666 quod
1724 1613 1771 1655 in
1798 1613 1981 1656 nummis
2011 1616 2099 1656 tam

363 1682 673 1724 Alexandrinis
704 1696 830 1736 quam
857 1683 1030 1724 Latinis
1059 1685 1187 1735 caput
1216 1681 1464 1724 Vaballathi
1488 1695 1573 1724 non
1602 1681 1737 1724 solum
1767 1681 2007 1724 laureatum
2037 1685 2099 1725 est

365 1751 439 1793 sed
477 1751 604 1793 etiam
639 1750 945 1800 diadematum,
990 1751 1041 1804 cf.
1082 1764 1118 1792 v.
1151 1750 1290 1793 Sallet
1328 1750 1497 1794 Wiener
1531 1764 1643 1792 num.
1676 1749 1882 1806 Zeitschr.
1911 1753 1955 1802 2,
1986 1752 2097 1793 1870

364 1834 411 1874 p.
433 1819 528 1874 34);
558 1819 748 1874 Auyusti
773 1819 1022 1861 vocabulum
1058 1818 1311 1862 Vaballatho
1351 1819 1480 1861 etiam
1520 1818 1558 1860 d.
1589 1822 1647 1862 20
1676 1818 1806 1862 Febr.
1836 1822 1923 1863 271
1953 1833 1981 1862 a
2008 1819 2099 1862 suis

364 1888 550 1930 nondum
579 1887 759 1930 inditum
789 1888 934 1941 fuisse,
965 1887 1040 1930 sed
1067 1887 1305 1930 Aureliano
1334 1890 1603 1938 reservatum,
1637 1887 1817 1929 ostendit
1835 1900 2063 1942 papyrus„

453 1956 608 1998 Paullo
641 1959 812 2010 postea·
834 1958 935 2012 imp.
979 1955 1028 1999 O.
1060 1955 1360 1998 Vhabalathus
1390 1955 1505 2010 Aug.
1529 1956 1697 1998 nummi
1725 1956 1888 2015 Latini,
1907 2002 1910 2005 ,
1930 1956 2013 1999 αὐτ.
2045 1955 2097 2000 K.

367 2025 665 2082 Οὐαβάλλαθος
694 2022 845 2082 Ἀθηνο.
878 2025 971 2082 Σεβ.
1003 2025 1164 2066 nummi
1192 2024 1492 2075 Alexandrini,
1524 2023 1571 2065 hi
1599 2024 1690 2066 cusi
1715 2027 1812 2066 ante.
1838 2023 1877 2066 d.
1902 2027 1962 2068 29
1981 2023 2096 2081 Aug.

365 2097 474 2146 271,·
512 2094 655 2147 itaque
694 2094 806 2135 inter
846 2093 883 2135 d.
915 2096 974 2136 20
1001 2093 1130 2137 Febr.
1171 2096 1210 2135 et
1247 2096 1304 2136 29
1343 2092 1456 2147 Aug).
1494 2096 1579 2136 271
1624 2092 1904 2136 Vaballathus
1943 2107 1971 2136 a
2007 2094 2096 2136 suis

365 2162 584 2217 Auyustus
624 2162 711 2203 dici
749 2165 915 2216 coeptus
952 2165 1023 2205 est.
1083 2162 1316 2217 Imperium
1356 2162 1445 2204 eius
1483 2162 1530 2203 in
1566 2161 1758 2216 Aeyypto
1796 2175 1881 2204 non
1918 2161 2096 2204 multum

367 2231 584 2273 duravisse
613 2230 731 2272 ultra
762 2230 800 2272 d.
821 2234 879 2274 29
903 2231 1014 2285 Auy.
1035 2234 1120 2274 271
1149 2230 1247 2273 inde
1276 2233 1455 2285 apparet
1483 2229 1594 2284 quod
1621 2231 1784 2272 nummi
1803 2229 2095 2273 Alexandrini

369 2300 459 2340 cusi
498 2313 609 2341 anno
647 2299 736 2341 eius
773 2302 888 2340 sexto
923 2313 1008 2341 non
1048 2302 1205 2341 extant.
1237 2324 1293 2329 —
1324 2297 1462 2352 Capta
1495 2302 1631 2341 matre
1661 2301 1700 2341 et
1736 2299 1824 2353 ipse
1852 2298 2019 2342 videtur
2048 2299 2095 2341 in

363 2371 614 2422 potestatem
643 2367 875 2409 Aureliani
904 2368 1166 2422 pervenisse,
1203 2369 1243 2410 si
1271 2367 1437 2422 quidem
1473 2366 1541 2409 hic
1573 2367 1786 2410 Zenobiae
1814 2366 1943 2422 filiuS,
1975 2380 2095 2421 quem

366 2437 412 2478 in
436 2437 658 2490 Europam
688 2436 856 2478 ductum
886 2449 971 2479 esse
999 2440 1155 2479 narrat
1184 2437 1378 2479 Zosimus
1406 2439 1444 2486 1,
1471 2438 1538 2478 59.

282 2506 364 2547 348
396 2504 629 2560 Septimius
651 2505 879 2560 Varianus,
912 2506 1190 2560 magistratus
1222 2505 1390 2561 aliquis,
1424 2504 1606 2546 fortasse
1631 2519 1805 2561 praeses
1826 2504 2090 2560 provinciae,

367 2587 478 2614 anno
510 2575 591 2615 215
622 2574 871 2627 rescriptum
902 2573 1168 2625 Caracallae,
1199 2577 1275 2618 vet.
1308 2573 1466 2615 cuiusd.
1498 2574 1627 2616 iurec.
1649 2572 1902 2616 consultatio
1924 2575 1964 2623 9,
1988 2573 2093 2613 8-
2037 2591 2093 2596 —

368 2640 456 2682 cod.
486 2640 869 2695 Greyor.1,11,1.

283 2709 365 2751 349
397 2708 444 2752 C.
469 2708 701 2764 Septimius
723 2710 923 2764 Vegetus‚
958 2710 1202 2766 praefectus
1223 2709 1414 2766 Aegypti
1435 2726 1473 2752 a.
1491 2711 1545 2753 86
1567 2709 1669 2764 dipl.
1690 2709 1779 2751 mil.
1802 2708 1962 2764 (IHp.
1977 2660 2092 2765 856).

296 2802 353 2807 —
396 2777 447 2818 L.
480 2777 632 2818 Iunius
662 2777 896 2833 Septimius
928 2779 1070 2821 Verus
1101 2779 1411 2833 Hermogenes.

282 2846 365 2888 350
397 2844 628 2900 Septimius
668 2845 876 2889 Vorodes.
951 2846 1086 2888 Tituli
1121 2846 1391 2901 Palmyreni:
1436 2846 1723 2901 Waddinyton
1757 2860 1798 2888 n.
1830 2849 1943 2889 2606
1982 2844 2092 2898 (cum

366 2913 553 2955 versione
584 2913 767 2968 Syriaca
798 2929 865 2968 ap.
898 2914 1040 2969 Voyue
1064 2929 1105 2957 n.
1127 2915 1200 2970 25)
1233 2915 1305 2969 (1).
1345 2918 1481 2958 2606‘1
1503 2914 1580 2971 (2).
1625 2917 1741 2958 2607
1767 2912 1883 2966 (cum
1905 2914 2092 2956 versione

369 2981 552 3035 Syriaca
574 2995 641 3035 ap.
670 2981 809 3035 Voyue‘
825 2996 865 3023 n.
884 2985 958 3038 24)
982 2982 1051 3038 (3).
1083 2986 1197 3026 2608
1218 2984 1292 3039 (4).
1322 2986 1435 3026 2609
1458 2983 1652 3039 (Syriace
1672 2996 1740 3036 ap.
1764 2981 1905 3036 Voyue'
1921 2979 1996 3035 27)
2017 2980 2090 3037 (5).

368 3053 478 3092 2610
500 3047 569 3101 (z
584 3049 723 3103 Voyu'e'
748 3064 789 3092 n.
809 3053 880 3102 26)
912 3050 983 3104 (6).
1011 3076 1065 3080 —
1096 3043 1303 3108 Σεπττίμιος
1332 3051 1546 3108 Οὐορώδης
1566 3051 1693 3106 plene
1722 3049 1786 3092 vel
1805 3063 1944 3104 paene
1965 3049 2092 3104 plene

369 3120 484 3159 extat
512 3117 558 3158 in
588 3120 616 3158 t.
647 3121 685 3159 1.
715 3120 754 3159 5.
787 3121 825 3168 6,
857 3132 1080 3172 coynomen
1102 3121 1237 3174 periit
1266 3121 1312 3162 in
1342 3123 1370 3164 t.
1401 3124 1445 3163 2.
1470 3123 1509 3164 3.
1534 3124 1561 3162 4
1593 3119 1684 3174 (sed
1711 3119 1756 3160 in
1786 3121 1814 3160 t.
1835 3121 1863 3160 3
1891 3118 2091 3173 firmatur

366 3186 553 3227 versione
584 3185 787 3239 Syriaca,
828 3200 935 3238 quae
969 3190 1028 3228 est
1058 3187 1254 3242 inteyra).
1313 3188 1576 3230 Procurator
1610 3187 1797 3242 Augusti
1829 3186 2090 3227 ducenarius

369 3255 407 3306 (ὁ
436 3256 636 3309 κράτιστος
665 3254 872 3309 ἐπίτροπος
892 3254 1093 3312 Σεβαστοῦ
1117 3257 1386 3313 δουκηνοίριος)
1414 3259 1441 3300 t.
1468 3259 1568 3306 1-6,
1600 3258 1664 3298 καὶ
1687 3254 1910 3312 ἀργαπέτης
1938 3257 1966 3296 t.
1987 3256 2087 3309 4-6‚

369 3322 609 3379 (ἀργαπέτης
637 3321 884 3363 vocabulum
920 3323 1105 3364 incertae
1135 3324 1478 3378 significationis,
1520 3324 1568 3366 de
1604 3323 1744 3378 Voyue'
1772 3322 1831 3365 ad
1857 3325 1886 3373 t.
1917 3323 1975 3376 6),
2006 3321 2089 3377 [δι]-

2220 3192 2235 3205 ²³
2215 3045 2242 3181 kjshfflss„
2226 2837 2242 3036 ..ςᾼωωζτ.,.«ν.;ι4ξι.νῑ;,,
2240 2822 2242 2824 ,
2218 2647 2242 2758 ,urbanas-,2
2240 2611 2242 2623 .,
2240 2594 2242 2600 .
2240 2579 2242 2585 .„
2234 2549 2236 2551 v
2237 2481 2240 2488 .-
2229 2465 2238 2470 ι’
2240 2420 2242 2424 i
2240 2382 2242 2385 ,

2222 3303 2234 3324 ’ἵ

2217 3335 2235 3350 vs

2229 3368 2242 3453 'i

2231 3507 2242 3526 ἐξ

2230 3531 2242 3554 ’ἢ

2224 3559 2242 3579 ,ἦ

2230 3606 2242 3672 Ξ
