2242 3672
324 248 687 286 VENNONIANVS
1185 237 1269 280 396
1835 243 2127 282 VENVLEIVS

495 382 684 435 Legatus
714 378 894 432 legionis
925 377 1089 433 primae
1119 374 1363 417 Minerviae
1388 379 1416 418 t.
1438 378 1477 418 3.
1523 376 1715 431 Legatus
1735 375 1851 430 Aug.
1883 375 1961 429 (sic
1982 375 2130 430 potius

407 465 531 506 quam
543 449 704 502 Augg.)
723 447 972 502 provinciae
988 444 1167 487 Ciliciae
1189 447 1216 486 t.
1230 448 1258 486 3
1273 442 1529 499 (reeoynovit
1545 443 1891 500 Zanyemeisteff:
1917 443 2130 498 Uhiianus

410 520 519 561 libro
549 519 699 571 quarto
728 515 777 556 de
808 514 948 569 officio
971 512 1242 567 proconsulis
1271 511 1374 567 Diy.
1402 515 1470 564 50,
1492 516 1532 564 6,
1551 517 1579 556 3
1600 514 1665 569 [2,
1687 512 1745 569 1].
1805 511 1998 566 (Consul.
2028 509 2148 564 stiffi,

410 603 448 631 a.
467 588 577 642 ina).
601 585 792 639 Legatus
808 582 1105 637 Augustorum
1123 580 1308 623 duorum
1329 596 1407 638 pro
1425 597 1488 638 pr.
1511 597 1685 639 praeses
1705 582 1955 639 provinciae
1976 579 2130 636 Syriae

408 655 645 698 Phoenices
674 652 750 707 (sio
781 655 808 693 t.
834 650 876 706 4)
905 666 942 694 a.
967 650 1047 693 198
1080 653 1107 692 t.
1138 653 1178 692 4.
1207 652 1245 692 5.
1278 653 1316 692 6.
1366 649 1696 703 Quindecimvir
1726 651 1858 694 sacris
1888 648 2129 704 faciundis3

408 739 447 765 a.
477 723 560 764 204
590 723 751 764 Romae
791 719 931 762 adfuit
969 720 1102 760 sacris
1134 717 1425 761 saecularibus
1458 723 1538 764 aet.
1571 720 1656 763 lud.
1685 733 1794 762 saec.
1825 719 1880 774 fr.
1910 718 1973 762 II
1993 731 2031 761 v.
2061 721 2127 762 10.

407 791 573 834 Eodem
604 797 795 845 tempore
826 794 999 830 curator
1027 786 1142 829 alvei
1163 786 1336 829 Tiberis
1364 788 1422 830 ib.
1455 788 1509 842 ef.
1531 789 1588 842 fr.
1615 788 1739 831 VIII
1742 802 1771 830 a
1797 801 1835 830 v.
1855 791 1895 832 1.
1939 787 2131 843 Legatus

407 859 655 915 provinciae
687 857 946 901 Germaniae
986 855 1204 898 inferioris
1236 855 1317 911 (ita
1345 856 1435 898 sine
1466 856 1593 899 dubio
1624 855 1955 911 intelleyendum,
1986 869 2131 910 quam-

406 942 529 981 quam
563 926 691 981 leyati
717 925 967 967 vocabulum
998 923 1124 978 deest)
1156 928 1184 966 t.
1210 928 1249 967 1.
1275 928 1307 967 2
1337 925 1482 980 (etiam
1511 925 1557 967 in
1587 928 1614 968 t.
1643 928 1671 967 3
1698 924 1981 968 Germanicae
2020 923 2132 980 ἱερα-

407 996 534 1038 tionis
562 995 808 1037 mentionem
839 994 1072 1048 repperisse
1100 993 1186 1035 sibi
1209 993 1323 1035 visus
1348 996 1441 1035 erat
1459 992 1706 1044 Branbaeh,
1738 993 1812 1036 sed
1838 993 1977 1036 minus
2006 995 2126 1049 reete,

405 1068 453 1107 ut
473 1067 604 1118 putat
633 1061 976 1118 Zanqemeister),
1009 1076 1120 1103 anno
1153 1063 1235 1104 205
1269 1065 1295 1104 t.
1326 1065 1351 1103 1
1383 1062 1716 1119 (imperantibus
1748 1061 1913 1105 Severo
1941 1067 1984 1104 et
2003 1059 2132 1104 Cara·

409 1132 518 1174 calla
548 1135 575 1175 t.
600 1132 662 1187 2).

333 1227 390 1232 —-
432 1209 472 1243 P.
504 1207 744 1242 METILIVS
777 1206 1130 1242 TERTVLLINVS
1161 1206 1538 1245 VENNONIANVS.

322 1271 404 1312 246
436 1270 486 1314 Τ.
509 1270 762 1312 Vennonius
785 1268 1071 1323 Aebutianus,
1105 1270 1155 1313 T.
1179 1269 1221 1324 f.,
1253 1269 1369 1312 tribu
1392 1269 1536 1324 Stell.;
1569 1283 1700 1326 eques
1727 1270 1958 1324 Romanus,
1990 1274 2133 1326 patro-

408 1354 488 1380 nus
530 1337 722 1380 coloniae
758 1338 1040 1380 Taurinensis
1082 1337 1186 1391 (pro
1225 1338 1357 1380 Taur.
1401 1337 1565 1380 taditur
1604 1330 1756 1392 Laur.)
1799 1340 1828 1380 t.
1863 1336 2133 1380 submbanus

414 1407 482 1449 VI
494 1408 675 1450 1635—
621 1437 675 1441 --
695 1406 776 1449 ΧΙ
789 1409 913 1449 3940.
965 1406 1091 1449 Uxor
1121 1407 1213 1448 eius
1244 1406 1398 1449 Munia
1429 1406 1640 1461 Celerina,
1673 1406 1750 1448 filii
1781 1406 1999 1449 Vennonii
2029 1405 2134 1449 Pius

409 1483 450 1518 et
482 1475 606 1518 Celei
636 1475 716 1518 XI
739 1478 862 1518 3940.
895 1478 1020 1517 3941.
1068 1474 1136 1517 De
1165 1475 1410 1518 Aebutiano
1432 1476 1654 1530 praefecto
1675 1475 1893 1530 praetorii
1917 1473 2136 1546 Commodi

408 1546 605 1599 ooyitavit
634 1544 886 1601 Hirschfeld
911 1544 1040 1588 Verw.
1063 1559 1111 1599 p.
1133 1547 1238 1588 228.

324 1614 403 1656 247
435 1614 688 1656 Vennonius
720 1613 858 1668 Celer,
890 1612 1005 1655 filius
1036 1613 1130 1655 eius
1160 1614 1236 1670 qui
1268 1613 1491 1670 praecedit
1519 1614 1599 1656 XI
1619 1616 1740 1656 3941.

324 1682 405 1724 248
436 1682 689 1724 Vennonius
722 1682 839 1735 Pius,
876 1681 1011 1723 frater
1042 1682 1134 1723 eius
1165 1683 1239 1738 qui
1271 1681 1493 1738 praecedit
1521 1682 1601 1725 XI
1621 1685 1742 1725 3941.

322 1751 405 1792 249
437 1749 678 1805 Ventidius,
713 1750 837 1792 homo
869 1750 1011 1792 lautus
1042 1750 1232 1796 Juvenal.
1263 1754 1329 1802 11,
1359 1754 1435 1794 22.

325 1819 406 1861 250
438 1818 667 1860 Ventidius
690 1817 911 1860 Cumanus
934 1818 1185 1873 (Ventidius
1209 1852 1332 1861 .....
1356 1822 1395 1862 et
1416 1819 1563 1861 deinde
1585 1790 1807 1862 Cumanus
1833 1819 1975 1863 Taciti
1992 1819 2133 1873 codex,

410 1887 612 1941 Iosephus
642 1901 864 1941 coynomen
894 1890 1060 1929 tantum
1081 1888 1261 1942 posuit).

495 1957 756 1998 Procurator
790 1955 998 2011 Iudaeae,
1037 1957 1104 2000 Ti.
1133 1956 1280 2012 (lulio)
1311 1956 1564 1999 Alexandro
1601 1957 1808 1999 successit
1836 1955 2002 2012 Ioseph.
2041 1956 2132 2002 bell.

411 2030 452 2079 2,
475 2028 544 2075 12,
565 2030 602 2075 1,
631 2028 717 2067 ant.
740 2028 810 2075 20,
832 2027 871 2075 5,
893 2028 935 2080 2,
969 2039 1081 2067 anno
1102 2024 1274 2067 Claudii
1306 2032 1457 2068 octavo
1485 2025 1544 2081 (p.
1569 2024 1670 2070 Chr.
1692 2025 1765 2079 48)
1788 2028 1875 2070 ant.
1899 2025 1926 2068 l.
1948 2039 1982 2070 e.
2015 2025 2133 2082 (pars

410 2100 575 2135 tantum
615 2094 866 2149 provinciae
906 2094 988 2149 ipsi
1025 2093 1216 2150 parebat,
1259 2093 1428 2150 reliqua
1460 2108 1561 2150 pars
1599 2093 1734 2136 Felici
1770 2094 1868 2137 Tac.
1897 2108 1936 2136 a.
1961 2096 2032 2145 12,
2057 2096 2136 2146 54,·

412 2163 466 2215 ef.
497 2161 675 2203 Rohden
706 2162 754 2203 de
784 2162 1038 2204 Palaestina
1059 2177 1181 2217 prov.
1205 2177 1253 2217 p.
1275 2162 1360 2216 35).
1411 2162 1535 2215 Quae
1565 2161 1752 2217 Iudaeis,
1785 2177 1834 2204 eo
1864 2163 2134 2220 provinciam

410 2238 604 2285 regente,
648 2230 884 2272 acciderint
913 2231 1077 2286 Ioseph.
1111 2232 1202 2274 bell.
1235 2235 1278 2279 2,
1305 2235 1375 2282 12,
1405 2235 1430 2274 1
1460 2245 1565 2285 seq.,
1600 2234 1685 2273 ant.
1719 2234 1790 2282 20,
1821 2234 1860 2282 5,
1891 2234 1930 2274 3.
1961 2235 1988 2274 4
2022 2231 2136 2287 (inde

409 2300 619 2342 Eusebius
650 2300 790 2342 chron.
823 2314 927 2343 vers.
959 2301 1081 2343 Arm.
1116 2301 1173 2343 ad
1199 2316 1237 2345 a.
1259 2305 1389 2351 2062,
1423 2301 1669 2355 Hieronym.
1702 2300 1842 2344 chron.
1866 2299 1925 2343 ad
1947 2315 1987 2343 a.
2007 2303 2134 2352 2064,

411 2368 584 2410 Orosius
616 2372 651 2418 7,
680 2372 717 2419 6,
745 2373 809 2422 14,
842 2369 1061 2423 Synoellus
1083 2385 1130 2424 11-
1153 2373 1269 2426 630).
1332 2370 1423 2413 Sub
1453 2384 1503 2412 eo
1533 2369 1685 2412 Iudaei
1716 2376 1758 2411 et
1788 2369 2050 2412 Samaritani
2079 2369 2135 2412 ad

411 2451 530 2477 arma
559 2444 781 2492 venerunt,
813 2452 900 2479 non
932 2439 1023 2480 sine
1054 2439 1181 2495 culpa
1210 2440 1345 2495 ipsius
1377 2438 1543 2493 Ioseph.
1577 2438 1668 2481 bell.
1699 2442 1742 2489 2,
1772 2441 1841 2488 12,
1868 2440 1896 2480 3
1919 2451 2015 2492 seq„
2048 2441 2135 2480 ant.

409 2508 479 2554 20,
511 2508 536 2546 6
566 2505 692 2560 (inde
710 2506 868 2548 Zonar.
901 2510 938 2557 6,
970 2506 1064 2562 15);
1109 2508 1205 2552 Tae.
1240 2522 1279 2552 a.
1313 2511 1384 2558 12,
1415 2509 1480 2550 54.
1542 2506 1612 2549 Ab
1653 2506 1874 2551 Ummidio
1913 2505 2135 2560 Quadrato

413 2572 566 2628 Syriae
597 2573 815 2629 praeside,
849 2577 919 2617 cui
947 2575 1156 2618 Claudius
1187 2577 1253 2619 ius
1285 2575 1502 2665 statuendi
1534 2577 1664 2618 etiam
1695 2575 1748 2618 de
1778 2574 2135 2632 procuratoribus
2204 2600 2207 2601 ν
2237 2579 2242 2588 ”

413 2639 613 2693 dederat,
654 2641 902 2697 damnatus,
944 2659 981 2688 a.
1019 2645 1073 2686 52
1120 2644 1218 2687 Tae.
1261 2644 1287 2687 l.
1325 2658 1380 2695 o.,
1422 2659 1448 2685 a
1488 2642 1710 2696 Quadrato
1751 2644 1931 2686 Romam
1967 2644 2134 2698 missus,

414 2723 440 2750 a
480 2674 661 2750 Claudio
697 2724 835 2765 poena
873 2711 990 2753 exilii
1027 2713 1206 2755 affectus
1249 2719 1313 2755 est
1350 2657 1553 2767 Iosephus
1593 2711 1685 2754 bell.
1724 2715 1767 2762 2,
1799 2715 1870 2782 12,
1902 2715 1941 2754 6.
1971 2714 2009 2763 7,
2048 2713 2136 2754 ant.

413 2780 483 2826 20,
515 2780 552 2827 6,
584 2781 626 2820 2.
658 2781 697 2820 3.

329 2844 411 2886 251
446 2844 705 2900 Venuleius,
749 2849 816 2889 cui
857 2848 1071 2892 Martialis
1111 2865 1188 2906 per
1218 2850 1382 2893 Rufum
1422 2849 1636 2906 quendam
1676 2847 1843 2891 libellos
1884 2862 1983 2891 suos
2024 2862 2136 2891 com-

416 2913 589 2956 mendat
609 2914 807 2958 Martml.
830 2920 867 2967 4,
891 2921 962 2961 82.
1007 2918 1212 2961 Fortasse
1242 2919 1292 2960 L.
1327 2917 1548 2960 Venuleius
1575 2917 1812 2994 Montanus
1842 2916 2134 2971 Apronianus,

417 2981 470 3034 ef.
502 2981 634 3035 infra.

331 3050 413 3091 252
445 3056 487 3091 L.
518 3056 806 3093 VENVLEIVS
837 3057 1155 3101 APRONIANVS
1199 3050 1350 3091 consul
1381 3049 1472 3091 ord.
1505 3065 1540 3090 a.
1575 3050 1655 3091 123
1687 3064 1784 3091 oum
1815 3048 1868 3101 Q.
1900 3046 2136 3091 Articuleio

418 3117 595 3159 Paetino
617 3119 720 3171 fasti
744 3118 848 3170 (tria
867 3119 1041 3160 nomina
1064 3118 1189 3172 plene
1212 3118 1280 3160 VI
1292 3120 1383 3168 154,
1417 3118 1465 3160 L.
1489 3117 1728 3159 Venuleius
1750 3116 1913 3173 Apron.
1933 3116 1982 3158 X
1991 3115 2134 3166 17478,

418 3185 525 3227 Ven.
548 3185 682 3242 Apro.
703 3186 750 3228 X
761 3186 799 3228 V
812 3189 904 3236 848,
930 3189 1156 3240 praeterea
1186 3199 1409 3241 coynomen
1436 3185 1628 3240 tantum).
1675 3184 1793 3228 Idem
1815 3183 1979 3228 videtur
1999 3182 2137 3240 Apro-

418 3254 570 3295 nianus
602 3252 883 3309 (Ἀπρονιανός)
912 3255 1142 3309 proconsul
1161 3254 1293 3297 Asiae
1324 3254 1404 3296 sub
1426 3253 1646 3296 Antonino
1669 3253 1747 3295 Pio
1777 3265 1970 3295 nummus
1991 3251 2136 3306 Smyr-

411 3334 541 3362 naeus
571 3336 689 3374 quem
718 3322 778 3364 ed.
810 3322 1094 3376 Waddinyton
1122 3324 1255 3377 fustes
1283 3337 1325 3365 n.
1347 3325 1427 3364 136
1457 3322 1528 3378 (=
1550 3322 1746 3365 Mionnet
1765 3321 1853 3364 III
1869 3323 1966 3371 230,
1998 3322 2133 3370 1292,
