2242 3672
340 287 585 327 SVRDINVS
1197 273 1282 316 292
1328 272 1330 274 ’
1889 277 2145 315 SYLLAEVS

339 421 421 463 749
452 417 676 469 Surdinus,
712 413 977 468 ‘ingeniosus
1008 410 1291 462 adulescens‘,
1323 408 1597 451 declamabat
1627 408 1744 465 apud
1771 407 1965 452 Cestium
1995 409 2144 461 Pium:‚

423 487 477 529 ab
518 500 565 527 eo
607 483 799 526 Graecae
840 479 1013 523 fabulae
1055 478 1274 534 eleganter
1314 479 1359 520 in
1401 492 1642 520 sermonem
1672 477 1879 520 Latinum
1910 491 2146 520 conversae

422 561 522 597 sunt
549 552 706 596 Seneca
734 563 846 593 suas.
880 552 918 599 7,
950 551 1020 591 12.
1082 546 1200 600 Quid
1228 546 1389 589 dixerit
1417 546 1602 589 Votieno
1633 545 1842 588 Montano
1871 546 1930 591 id.
1962 549 2144 590 controv.

424 626 459 676 7,
492 625 517 663 6
548 620 652 674 (21),
684 622 754 662 12.
813 617 1018 660 Fortasse
1048 617 1100 659 L.
1134 615 1327 658 Naevius
1352 614 1566 659 Surdinus
1604 614 1750 657 consul
1787 613 1990 667 suffectus
2019 629 2059 658 a.
2089 617 2147 658 30

422 691 572 744 (supra
602 686 654 730 N
676 686 765 740 12).

350 783 407 789 --
448 764 500 802 Μ.
533 760 803 799 CAMILLIVS
836 759 964 796 SVRD
981 786 990 795 .
1009 786 1018 796 .
1038 786 1047 795 .
1067 786 1076 795 .

349 850 406 857 -—
450 832 492 867 L.
525 830 743 866 NAEVIVS
777 828 1036 866 SVRDINVS.

338 894 419 937 750
449 893 615 936 Surena
645 892 792 948 (ἀρχῆς
812 894 925 933 τοῦτο
947 891 1054 947 παρὰ
1085 889 1257 947 Πέρσαις
1286 890 1413 946 ὄνομα
1438 889 1595 932 Zosim.
1618 893 1658 940 3,
1681 889 1764 944 15),
1797 887 1999 944 Parthus,
2031 903 2070 931 a,
2092 888 2148 932 36

421 961 645 1004 Tiridaten
665 975 692 1003 a
711 960 917 1002 Romanis
948 960 992 1001 in
1023 973 1203 1013 regnum
1226 957 1431 1001 Parthiae
1456 959 1635 1001 missum
1658 956 1950 1014 Ctesiphonte,
1986 955 2148 1000 ‘multis

423 1045 568 1073 coram
599 1036 643 1072 et
672 1027 1047 1085 adprobantibus',
1082 1028 1259 1082 ‘insigni
1289 1024 1421 1082 regio‘
1440 1028 1623 1069 evinxit'
1662 1026 1760 1069 Tac.
1784 1041 1824 1069 a.
1845 1029 1883 1078 6,
1904 1029 1964 1071 42
1991 1023 2056 1079 (id
2082 1025 2151 1068 ius

420 1099 550 1152 fuisse
572 1097 718 1152 yenem'
747 1095 1012 1139 Sureuarum
1040 1097 1198 1138 narrat
1225 1094 1346 1137 Plut.
1376 1094 1519 1139 Crass.
1538 1094 1627 1150 21).
1671 1093 1768 1136 Alii
1786 1093 1979 1137 Surenae
1994 1094 2150 1151 (‘pote-

422 1167 542 1208 statis
564 1164 778 1208 secundae
799 1170 896 1220 post
913 1171 1074 1218 regem‘
1094 1163 1312 1206 Ammiau.
1327 1166 1394 1214 30,
1411 1167 1454 1214 2,
1471 1163 1521 1218 5)
1537 1164 1630 1206 Liv.
1644 1177 1739 1218 per.
1751 1165 1845 1213 106,
1867 1161 1986 1205 Plut.
2004 1160 2149 1206 Crass.

421 1238 478 1278 21
498 1248 594 1289 seq„
625 1233 714 1276 Dio
742 1237 811 1284 40,
843 1236 908 1283 16,
948 1233 1067 1276 Oros.
1099 1235 1137 1283 6,
1159 1235 1224 1283 13,
1246 1235 1274 1274 3
1294 1235 1367 1275 cet.
1379 1245 1393 1283 ,·
1422 1231 1639 1274 Ammiau.
1660 1235 1731 1282 24,
1751 1234 1796 1281 2,
1816 1234 1845 1274 4
1862 1244 1960 1285 seq„
1991 1229 2150 1275 Zosim.

421 1307 462 1354 3,
483 1305 536 1346 15
551 1316 658 1357 seq,;
680 1301 922 1345 Menander
941 1301 1062 1346 Prot.
1083 1301 1141 1355 fr.
1162 1304 1228 1343 11.
1244 1303 1299 1343 36
1321 1315 1390 1356 ap.
1409 1300 1572 1343 Maller
1585 1301 1642 1355 fr.
1658 1300 1699 1344 h.
1718 1299 1796 1345 Gr.
1818 1303 1886 1343 93.
1906 1299 1941 1343 Ι
1945 1298 1988 1344 V
1990 1314 2038 1355 1).
2051 1302 2149 1344 211.

422 1374 510 1415 238
541 1374 614 1414 cet.

349 1465 406 1469 --
450 1446 503 1482 M.
531 1445 799 1482 IVVENTIVS
831 1445 983 1481 SVRVS
1016 1443 1287 1481 PROCVLVS.

350 1533 407 1538 -
450 1514 639 1550 MEvivs
671 1514 839 1550 SVRVS.
1087 1546 1091 1551 .
1258 1502 1260 1504 ’

339 1577 416 1621 751
453 1577 668 1631 Susagus:
701 1575 756 1619 ab
778 1591 827 1618 eo
856 1575 1146 1619 Callidromus
1167 1574 1343 1618 Laberii
1364 1575 1547 1618 Maximi
1578 1574 1634 1627 (L
1653 1574 1696 1630 4)
1728 1589 1881 1617 servus
1910 1574 1956 1617 in
1985 1573 2152 1616 Moesia

424 1644 623 1699 (fortasse
663 1660 756 1689 cum
796 1645 988 1688 domiuus
1019 1645 1232 1688 Moesiam
1262 1644 1437 1700 reyerety
1469 1650 1643 1701 captus3
1684 1645 1721 1686 is
1755 1658 1906 1686 servus
1936 1642 2094 1686 deinde
2124 1658 2152 1686 a

425 1713 643 1757 Decebalo
693 1714 863 1756 muneri
912 1715 1069 1756 ‘missus
1114 1714 1207 1769 regi
1252 1713 1513 1756 Parthorum
1558 1712 1676 1756 Ptin.
1721 1727 1784 1768 ep.
1824 1711 1884 1755 ad
1925 1711 2042 1755 Trai.
2084 1714 2150 1756 74.

425 1782 629 1826 Fortasse
659 1782 745 1825 dux
766 1781 985 1834 Decebali,
1015 1782 1079 1824 vel
1107 1797 1184 1825 rex
1211 1782 1399 1825 nationis
1429 1781 1649 1824 cuiusdam
1668 1780 1879 1824 Moesiam
1907 1779 2152 1834 infestantts

422 1850 532 1904 (Mo.
564 1851 651 1896 iud.
684 1851 833 1906 Pan).
867 1876 918 1881 --—
962 1851 1141 1906 Sugasis
1172 1851 1263 1906 (sic,
1294 1864 1380 1893 nou
1410 1849 1587 1905 Susag-)
1627 1863 1776 1892 nomeu
1805 1849 2017 1904 reperitwr
2043 1849 2091 1891 in
2119 1851 2149 1891 t.

421 1919 582 1975 Alpino
614 1920 655 1963 V
676 1922 803 1964 4927.

348 2014 405 2019 —
444 1995 720 2031 POSTVMIVS
753 1993 990 2030 SYAGRVS.

339 2058 420 2100 752
454 2057 675 2113 SyllaeuS,
718 2057 883 2111 Arabs,
927 2057 1041 2111 regis
1073 2054 1253 2098 Obodae
1289 2062 1544 2112 procurator
1575 2054 1774 2109 (Obodae
1813 2055 1927 2110 regis
1954 2051 2151 2097 Arabum

423 2127 630 2183 ἐπίτροπος
660 2126 824 2180 Ioseph.
858 2125 951 2170 bell.
983 2129 1020 2176 1,
1053 2129 1122 2176 24,
1158 2129 1196 2176 6,
1228 2127 1249 2168 ὁ
1287 2129 1365 2168 τῶν
1399 2124 1639 2183 Ναβαταίων
1670 2124 1879 2182 ἐπίτροπος
1909 2122 2070 2167 Strabo
2098 2125 2153 2165 16

419 2210 467 2249 p.
492 2198 584 2245 780,
617 2197 637 2237 ὁ
671 2197 865 2251 διοικητής
893 2209 950 2238 sc.
983 2194 1098 2248 regis
1128 2193 1328 2237 Arabum
1360 2193 1568 2236 Nicotaus
1597 2192 1741 2244 Bam„
1781 2193 1855 2247 qui
1891 2204 2040 2234 nomen
2067 2204 2152 2233 mm

418 2263 584 2317 pom't);
610 2264 648 2304 ei
680 2278 759 2304 rex
789 2262 966 2306 Obodas
998 2268 1154 2304 cuncta
1183 2262 1398 2304 commisit
1417 2261 1576 2305 Strabo
1606 2265 1659 2304 16
1679 2276 1729 2316 p.
1751 2263 1843 2311 781,
1875 2259 2039 2315 Ioseph.
2061 2262 2151 2302 ant.

422 2334 487 2381 16,
512 2334 549 2381 7,
572 2334 598 2373 6
628 2332 683 2384 cf.
715 2334 780 2381 16,
803 2335 842 2381 9,
863 2335 903 2373 1.
949 2329 1106 2373 Aetate
1135 2330 1314 2373 floridus
1344 2330 1509 2385 Ioseph.
1542 2333 1629 2373 aut.
1652 2333 1718 2380 16,
1742 2332 1780 2380 7,
1804 2332 1843 2372 6.
1887 2327 1941 2374 A.
1965 2325 2151 2371 7291730

425 2414 568 2441 comes
600 2399 899 2455 expeditionis,
935 2414 1064 2456 quam
1087 2399 1135 2443 O.
1157 2398 1309 2441 Aelius
1331 2398 1484 2442 Gallus
1510 2399 1637 2441 duxit
1667 2399 1711 2440 in
1731 2397 1941 2440 Arabiam
1959 2395 2151 2440 Felicem

424 2467 583 2510 Strabo
613 2471 666 2509 16
685 2483 732 2523 p.
758 2471 837 2510 780
857 2481 961 2521 seq„
1004 2482 1116 2523 quae
1157 2468 1248 2510 eius
1289 2467 1416 2523 culpa
1453 2482 1504 2510 ac
1545 2466 1789 2524 proditione
1827 2463 1982 2508 infelix
2011 2464 2152 2507 evasit

425 2536 582 2578 Strabo
605 2536 632 2577 l.
655 2550 702 2586 c.,
726 2540 839 2590 1710.
854 2538 937 2579 819
960 2534 1051 2588 (sed
1069 2537 1125 2590 cf.
1150 2536 1388 2578 Mommsen
1407 2536 1552 2579 Roem.
1577 2534 1725 2578 Gesch.
1752 2533 1795 2577 V
1805 2548 1856 2588 p.
1877 2535 1963 2576 608
1981 2535 2067 2577 not.
2087 2531 2150 2589 2).

425 2603 494 2645 Ab
525 2604 700 2645 Herode
732 2604 933 2647 Salomen
963 2619 1155 2647 sororem
1185 2605 1230 2646 in
1261 2605 1582 2647 matrimonium
1612 2603 1732 2659 petit,
1764 2601 1841 2644 sed
1870 2616 1957 2644 non
1983 2601 2152 2644 obtinet

424 2672 588 2726 Ioseph.
612 2676 696 2714 ant.
718 2676 783 2723 16,
809 2677 844 2723 7,
868 2677 893 2715 6
924 2675 978 2728 ef.
999 2677 1065 2724 16,
1087 2676 1154 2724 10,
1174 2676 1214 2716 5.
1236 2677 1302 2724 17,
1326 2677 1426 2724 1,1.
1449 2676 1514 2724 17,
1531 2674 1570 2724 5,
1593 2675 1630 2723 7,
1654 2671 1747 2715 bea.
1764 2674 1803 2723 1,
1818 2674 1889 2721 24,
1907 2673 1946 2713 6.
1967 2673 2005 2721 1,
2021 2672 2150 2720 27,1.
2205 2660 2232 2694 f

425 2742 463 2789 1,
494 2742 565 2790 28,
598 2744 634 2784 6.
697 2741 868 2783 Exinde
911 2742 1109 2784 inimicus
1147 2742 1359 2796 Herodis3
1398 2741 1609 2796 latrones,
1652 2755 1760 2797 quos
1794 2753 1927 2794 regno
1965 2739 2152 2781 eiecerat
2214 2739 2239 2795 '3⁴⁴²

428 2808 644 2862 Herodes,
688 2810 842 2865 recipit
881 2811 1047 2865 Ioseph.
1080 2814 1166 2853 aut.
1198 2814 1263 2861 16,
1295 2815 1334 2861 9,
1366 2815 1392 2853 1
1423 2824 1503 2864 seq.
1572 2811 1671 2866 Ipse
1710 2809 1891 2851 Romam
1930 2805 2150 2864 profectus
2208 2797 2239 2866 {⁵

427 2875 482 2918 ib.
505 2878 569 2925 16,
593 2879 631 2926 9,
654 2880 696 2926 2,
728 2877 973 2931 Augustum
995 2879 1146 2922 incitat
1166 2879 1211 2921 in
1232 2878 1453 2924 Herodem
1477 2879 1533 2921 ib.
1555 2881 1621 2928 16,
1644 2881 1682 2928 9,
1702 2879 1742 2919 3.
1787 2877 1958 2918 Interea
1977 2879 2149 2917 mortuo
2205 2871 2238 2924 ’ᾏῘ

428 2941 585 2984 Oboda
614 2958 797 2999 regnum
827 2946 1017 2989 Arabiae
1048 2947 1129 2989 sibi
1159 2948 1251 3004 ipse
1279 2948 1449 3004 quaerit
1480 2947 1536 2990 ib.
1558 2949 1623 2996 16,
1644 2949 1683 2996 9,
1704 2948 1744 2987 4.
1803 2945 1931 2987 Iussu
1960 2941 2150 2985 Herodis
2182 2950 2230 3003 4]

426 3009 629 3053 Nicolaus
662 3013 956 3056 Damascenus
987 3016 1168 3058 Romam
1198 3016 1419 3072 profectus
1449 3016 1559 3057 iram
1592 3013 1791 3057 Caesaris
1822 3012 1953 3054 vertit
1981 3010 2026 3052 in
2052 3008 2150 3066 Syl·

428 3076 568 3119 laeum
599 3079 655 3121 ib.
676 3083 741 3130 16,
764 3084 829 3131 10,
854 3084 892 3123 8.
937 3082 1007 3124 Ab
1030 3082 1228 3138 Augusto
1251 3084 1404 3140 capitis
1425 3083 1665 3137 damnatur,
1696 3081 1771 3124 sed
1803 3079 1979 3122 domum
2006 3077 2149 3121 remit-
2201 3076 2237 3134 1ss

428 3145 544 3199 titur,
578 3153 624 3188 ut
654 3148 772 3203 prius
803 3163 875 3190 aes
906 3150 1093 3193 alienum
1123 3151 1309 3194 solveret
1326 3153 1380 3194 ib.
1400 3154 1465 3202 16,
1487 3155 1553 3201 10,
1577 3154 1603 3193 9
1613 3163 1627 3202 ‚·
1658 3150 1710 3203 cf.
1737 3148 1945 3192 Nicotaus
1962 3145 2148 3190 Damas-

428 3226 550 3254 ceuus
580 3213 606 3256 l.
630 3228 662 3256 c.
715 3215 825 3258 Cum
856 3216 899 3257 id
920 3232 1005 3259 non
1026 3218 1210 3274 fecisset,
1243 3226 1386 3263 tamen
1408 3221 1587 3262 Romam
1617 3217 1748 3271 reditt,
1782 3216 1843 3259 ibi
1865 3215 2016 3260 eadem
2035 3230 2147 3272 quae
2196 3236 2227 3268 ,χ

428 3288 553 3323 antea
577 3283 632 3324 ab
662 3283 863 3335 Nicolao‚
906 3286 989 3327 iam
1026 3288 1063 3327 ei
1095 3287 1265 3331 obiecta
1294 3289 1349 3331 ab
1379 3287 1610 3344 Antipatro
1641 3285 1830 3329 Herodis
1863 3284 1952 3327 filio
1981 3283 2147 3339 Ioseph.
2197 3307 2211 3334 ς

430 3351 515 3391 aut.
548 3352 617 3400 17,
639 3353 678 3400 3,
699 3353 742 3401 2,
776 3351 867 3393 bell.
898 3354 936 3401 1,
957 3355 1027 3403 29,
1048 3356 1076 3394 3
1105 3355 1155 3407 efi
1187 3358 1226 3406 1,
1246 3359 1313 3407 31,
1334 3358 1388 3407 2;
1418 3354 1503 3397 alia
1533 3355 1714 3397 crimina
1742 3355 1834 3396 eius
1864 3352 2063 3395 nuntiata
2089 3350 2147 3395 ab
