2242 3672
190 243 450 282 STATILIVS
1058 244 1141 287 265
1749 249 2008 287 STATILIVS

187 376 270 420 617
301 383 345 419 Τ.
389 382 649 420 STATILIVS
691 384 888 421 TAVRVS
932 395 1018 425 eos.
1060 396 1097 423 a.
1137 396 1178 437 p.
1212 380 1314 423 Chr.
1351 381 1397 424 11
1442 378 1548 434 (tria
1583 381 1758 423 nomina
1798 381 1843 424 in
1880 382 2008 436 fastis

272 445 538 496 Antiatibus,
573 445 684 489 CIL.
714 447 747 489 I
770 447 831 490 ed.
853 452 885 491 2
906 463 955 503 p.
978 452 1046 499 72,
1080 449 1161 491 IX
1188 452 1305 505 1456,
1338 449 1446 492 XII
1466 452 1585 501 4333,
1617 450 1743 493 XIV
1755 453 1885 502 2302,
1918 450 2008 492 Dio

269 514 358 557 ind.
391 514 416 559 l.
447 517 500 558 56
510 529 524 567 ,·
553 516 755 563 Στατίλιος
787 516 940 573 Ταῦρος
969 517 1058 560 Dio
1086 521 1152 569 56,
1176 522 1246 570 25,
1281 520 1331 564 Τ.
1356 519 1553 562 Statilius
1582 519 1788 570 Cassiod„
1822 520 1872 562 T.
1899 520 2006 564 Stat.

272 585 428 626 tessera
455 583 723 638 yladiatoria
753 586 786 627 I
812 589 903 636 759,
936 586 1109 629 Taurus
1140 587 1242 643 Diy.
1273 591 1343 639 29,
1370 591 1409 639 5,
1432 591 1496 639 13,
1528 588 1747 643 ehronoqr.
1780 589 1887 631 anni
1914 591 2005 639 354,

272 651 380 705 fasti
416 652 610 707 Hydat).
671 653 722 697 T.
756 653 783 696 f.
816 653 904 696 Dio
945 655 1032 697 ind.
1065 655 1093 700 l.
1124 659 1190 700 56.
1263 656 1406 711 Nepos
1450 658 1539 699 sine
1581 657 1708 699 dubio
1752 658 1797 701 T.
1838 657 2009 701 Statilii

275 720 412 762 Tauri
449 721 632 764 consulis
663 736 705 764 a.
736 725 826 764 717.
858 725 965 774 728,
997 724 1135 777 frater
1163 728 1212 767 ut
1240 725 1405 768 videtur
1435 725 1640 769 Sisennae
1671 727 1838 769 Statilii
1873 727 2008 769 Tauri

269 789 450 832 consulis
508 805 547 833 a.
585 805 632 845 Ρ.
675 789 781 835 Chr.
828 795 882 834 16
931 792 986 845 (et
1036 794 1126 847 ipse
1174 794 1358 848 fortasse
1410 798 1537 837 natus
1586 794 1828 850 Cornelia),
1889 795 2005 850 filius

266 859 448 913 fortasse
484 858 620 901 Tauri
659 860 875 902 triumviri
910 861 1155 912 monetalis,
1198 863 1288 905 eius
1317 864 1392 917 qui
1420 863 1655 918 praeeedit.
1717 863 1882 907 Consul
1911 865 2001 908 ord.

266 942 305 971 a.
337 942 379 984 p.
412 926 515 971 Chr.
549 928 599 971 11
644 943 743 970 cum
782 928 857 971 M.’
886 928 1069 972 Aemilio
1101 931 1281 987 Lepido,
1320 946 1376 973 ex
1406 931 1495 976 kal.
1526 931 1607 975 Iul.
1639 947 1735 975 eum
1767 933 1817 977 L.
1851 932 2003 976 Cassio

267 996 469 1051 Longino
509 997 627 1051 fasti.
697 997 833 1040 Pater
861 998 1028 1041 videtur
1056 999 1189 1053 fuisse
1225 1001 1269 1042 T.
1302 1000 1470 1043 Statilii
1503 1002 1638 1044 Tauri
1668 1002 1852 1044 consulis
1882 1017 1920 1046 a.
1951 1006 2005 1045 44

266 1069 306 1108 et
340 1065 477 1108 Tauri
506 1066 676 1109 Statilii
705 1065 878 1110 Corvini
917 1068 1101 1110 consulis
1131 1083 1171 1111 a.
1202 1072 1276 1119 45,
1317 1084 1445 1124 yener
1478 1070 1543 1112 M.
1578 1070 1740 1113 Valerii
1771 1071 2003 1114 Messallae

268 1133 452 1177 Corvini.
504 1134 569 1189 Cf.
600 1139 775 1178 stemma
797 1138 1066 1191 propositum
1096 1151 1231 1192 supra
1251 1139 1326 1180 sul)
1348 1153 1386 1181 n.
1413 1142 1502 1181 615.
1539 1140 1631 1181 Aut
1659 1139 1786 1182 liuius
1816 1143 1892 1182 aut
1921 1140 2006 1195 filii

266 1217 389 1246 soror
420 1204 607 1256 (uterina
643 1204 735 1247 sine
776 1204 920 1261 dubio)
951 1205 1146 1248 Vedusia
1186 1206 1254 1248 VI
1277 1210 1389 1249 6214
1423 1207 1496 1262 (ef.
1528 1208 1651 1262 infra
1680 1209 1756 1250 sub
1789 1208 2000 1263 Vedusia).

263 1271 469 1316 Fortasse
488 1273 586 1316 huie
599 1274 770 1328 positus
792 1277 819 1318 t.
840 1274 1109 1329 Meyarensis
1125 1275 1262 1318 Inser.
1288 1275 1441 1318 Graec.
1463 1279 1566 1331 sept.
1584 1277 1618 1319 I
1632 1279 1699 1319 86.
1732 1277 1817 1319 Hie
1837 1277 2002 1320 videtur

262 1341 314 1383 Τ.
337 1341 533 1385 Statilius
555 1342 727 1384 Taurus
753 1349 887 1399 pater⁷
916 1344 1039 1385 euius
1071 1342 1216 1386 liberti
1239 1350 1281 1386 et
1303 1345 1416 1387 servi
1440 1344 1509 1387 VI
1523 1348 1645 1396 6213,
1669 1346 1841 1388 Taurus
1863 1353 1997 1402 pater,

263 1411 385 1453 euius
416 1425 568 1453 servus
591 1410 658 1454 VI
672 1413 784 1454 6256
804 1412 951 1467 (pater
967 1412 1101 1455 dietus
1121 1416 1169 1454 ut
1189 1413 1517 1468 distinyueretur
1534 1428 1562 1456 a
1577 1414 1668 1469 filio
1690 1414 1856 1457 consule
1876 1429 1915 1457 a.
1934 1418 1999 1465 44,

262 1480 381 1522 euius
397 1479 542 1523 liberti
555 1483 595 1522 et
612 1481 725 1523 servi
735 1480 920 1535 plurimi
938 1482 984 1524 in
1000 1482 1141 1524 eodem
1160 1486 1425 1525 monumento
1440 1483 1596 1538 sepulti
1614 1486 1732 1535 sunt‚·
1745 1498 1997 1538 quamquam

256 1551 402 1603 potest
431 1549 559 1592 etiam
590 1550 775 1605 eoyitari
795 1549 845 1593 de
865 1550 1032 1593 consule
1059 1552 1166 1593 anni
1183 1554 1248 1603 44,
1272 1555 1403 1606 pater
1425 1551 1574 1603 dietus,
1604 1556 1650 1594 ut
1673 1552 2002 1607 distinyueretur

262 1631 290 1660 a
319 1617 411 1673 filio
433 1621 664 1673 praeterea
693 1618 869 1674 iqnoto).
921 1619 989 1662 De
1017 1619 1117 1662 aliis
1143 1620 1384 1663 Taurorum
1416 1621 1577 1663 libertis
1608 1624 1648 1664 et
1676 1623 1808 1664 servis
1837 1623 1911 1676 qui
1935 1623 1999 1666 vel

260 1686 350 1729 eius
387 1687 521 1741 fuisse
551 1690 734 1742 possunt
772 1687 837 1730 vel
874 1687 981 1742 filii,
1024 1689 1078 1743 ef.
1120 1689 1197 1731 sub
1239 1689 1342 1744 filio.
1378 1715 1428 1718 —
1460 1689 1548 1732 Sed
1584 1689 1711 1732 huius
1749 1691 1839 1733 sine
1870 1690 1997 1734 dubio

260 1744 404 1799 liberti
433 1756 484 1799 T.
517 1755 712 1800 Statilius
743 1756 880 1799 Tauri
912 1756 939 1799 l.
971 1758 1126 1800 Festus
1157 1757 1318 1814 aliique
1353 1758 1438 1801 duo
1469 1758 1516 1800 in
1547 1761 1574 1801 t.
1618 1759 1773 1802 Thebis
1806 1759 1997 1803 dedicato

260 1838 300 1867 a.
325 1839 372 1880 p.
411 1824 514 1869 Chr.
541 1829 606 1876 14,
638 1825 728 1868 III
753 1825 799 1869 S.
833 1829 954 1869 7301.

173 1892 257 1935 618
287 1899 331 1936 Τ.
366 1900 626 1937 STATILIVS
658 1901 854 1938 TAVRVS
887 1910 970 1939 eos,
1005 1911 1042 1938 a.
1065 1897 1133 1940 44.
1185 1896 1241 1938 In
1271 1896 1492 1939 consulatu
1524 1897 1574 1939 T.
1597 1896 1794 1940 Statilius
1827 1898 1997 1941 Taurus

264 1961 333 2006 VI
354 1966 511 2016 10399;
539 1963 589 2006 X
615 1966 767 2017 6638⁶,·
797 1968 825 2007 t.
856 1964 1055 2008 Gallicus
1086 1980 1154 2020 ap.
1179 1965 1352 2009 Heneen
1371 1969 1496 2008 5214.
1539 1965 1652 2013 Τίτος
1678 1967 1879 2014 Στατίλιος
1909 1967 1996 2009 Dio

260 2034 324 2083 60,
354 2035 426 2084 23,
473 2032 646 2076 Taurus
677 2034 897 2090 ehronoyr.
930 2035 1036 2076 anni
1062 2036 1143 2077 354
1178 2034 1410 2089 reliquique
1449 2035 1660 2088 fastorum
1700 2035 1908 2080 laterculi.
1940 2061 1997 2066 -

259 2099 455 2144 Statilius
482 2101 654 2145 Taurus
687 2102 785 2146 Tae.
813 2117 853 2145 a.
877 2106 947 2154 12,
969 2105 1034 2146 59.
1062 2106 1127 2153 14,
1149 2106 1216 2145 46.
1240 2128 1291 2132 ——
1309 2102 1471 2146 Frater
1493 2103 1658 2146 violetur
1674 2103 1814 2147 Tauri
1831 2103 1999 2148 Statilii

258 2168 432 2213 Corvini
465 2171 649 2214 consulis
684 2186 724 2216 a.
749 2174 816 2222 45,
852 2172 970 2227 filius
1004 2171 1050 2214 T.
1082 2171 1254 2215 Statilii
1287 2172 1422 2214 Tauri
1451 2172 1635 2214 consulis
1666 2187 1705 2217 a.
1729 2187 1777 2227 p.
1806 2171 1907 2215 Chr.
1930 2176 1995 2226 11,

258 2239 347 2293 ipse
378 2253 550 2294 quoque,
581 2243 630 2283 ut
655 2241 808 2294 frater,
839 2254 969 2295 nepos
1000 2240 1067 2282 M.
1099 2240 1261 2283 Valerii
1293 2240 1526 2283 Messallae
1555 2240 1741 2283 Corvini.

345 2307 509 2351 Consul
551 2308 641 2353 ord.
674 2324 712 2354 a.
742 2310 799 2352 44
841 2324 939 2352 cum
975 2308 1024 2353 C.
1056 2309 1265 2352 Passieno
1297 2308 1451 2366 Crispo
1484 2310 1664 2365 iterum,
1708 2309 1865 2352 deinde
1896 2325 1994 2352 eum

257 2376 307 2419 P.
339 2377 579 2434 Pomponio
621 2378 825 2422 Secundo
856 2379 975 2432 fasti.
1034 2377 1273 2421 Proeonsul
1302 2377 1479 2420 Africae
1521 2379 1577 2433 (a.
1606 2378 1705 2422 52!ss
1736 2378 1806 2420 vel
1846 2377 1993 2434 paullo

257 2446 375 2500 ante)
410 2446 507 2489 Tac.
542 2461 581 2491 a.
613 2450 683 2498 12,
713 2449 781 2490 59.
846 2446 900 2489 A.
933 2447 988 2490 53
1027 2448 1262 2502 instigante
1291 2446 1559 2504 Agrippina,
1593 2462 1704 2504 quae
1736 2447 1870 2489 hortis
1903 2447 1994 2489 eius

257 2514 469 2566 inhiabat,
500 2522 728 2558 aecusatus
758 2531 784 2558 a
814 2515 1043 2572 Tarquitio
1074 2516 1223 2558 Prisco
1256 2517 1331 2572 qui
1362 2515 1532 2571 legatus
1563 2516 1656 2558 eius
1688 2516 1840 2571 fuerat,
1874 2530 1992 2573 repe-

257 2582 494 2626 tundarum
540 2590 583 2627 et
624 2585 782 2627 artium
827 2586 1116 2640 magicarum,
1163 2590 1265 2627 ante
1315 2585 1574 2626 sententiam
1617 2591 1770 2641 sponte
1812 2591 1993 2627 mortem

258 2653 442 2710 sumpsit
476 2653 575 2696 Tae.
608 2653 635 2696 l.
668 2667 701 2697 e.
734 2654 789 2708 of.
820 2657 886 2705 14,
918 2657 984 2698 46.
1044 2653 1138 2696 Aut
1174 2653 1299 2696 huius
1340 2656 1415 2696 aut
1447 2654 1594 2709 patris
1631 2653 1814 2697 consulis
1856 2668 1895 2696 a.
1925 2657 1991 2704 11,

255 2721 320 2765 vel
343 2722 489 2777 potius
508 2723 678 2777 partim
708 2722 834 2766 huius
854 2723 1024 2778 partim
1046 2723 1206 2777 patris,
1236 2723 1287 2765 T.
1310 2721 1471 2765 Statilii
1492 2722 1627 2765 Tauri
1651 2724 1767 2765 servi
1788 2722 1857 2765 VI
1871 2725 1991 2767 6243.

257 2793 376 2842 6603,
418 2791 470 2834 Τ.
507 2791 668 2835 Statilii
699 2807 851 2834 servus
883 2791 952 2834 VI
974 2795 1103 2844 6493,
1144 2792 1280 2834 Tauri
1313 2793 1430 2834 servi
1470 2791 1538 2834 VI
1560 2795 1691 2835 6221.
1723 2795 1841 2834 6303.
1868 2795 1991 2834 6307.

257 2862 377 2903 6308.
409 2863 534 2904 6342.
564 2864 685 2904 6378.
716 2863 837 2904 6390.
874 2864 998 2905 6402.
1040 2864 1160 2904 6437.
1201 2863 1335 2911 9922,
1377 2860 1494 2903 Bull.
1526 2875 1688 2903 eomun.
1719 2863 1831 2904 1880
1862 2875 1908 2915 p.
1940 2863 1994 2902 53

256 2943 298 2974 n.
320 2932 431 2981 269‚·
462 2930 516 2972 ab
545 2930 622 2973 hoe
653 2934 729 2973 aut
754 2945 782 2972 a
803 2934 934 2985 patre
953 2931 1207 2973 manumissi
1225 2930 1275 2974 T.
1300 2930 1472 2985 Statilii,
1505 2930 1640 2972 Tauri
1672 2930 1814 2973 liberti
1846 2930 1991 2972 V457.

263 2997 332 3041 VI
354 3002 477 3043 6214.
510 3002 630 3042 6301.
663 3003 775 3043 6372
800 3000 999 3055 (libertus
1024 2999 1083 3042 ad
1100 3003 1251 3042 vestem
1281 3000 1379 3056 avi).
1410 3001 1533 3042 6528.
1567 3002 1683 3042 6550.
1717 3002 1840 3042 6632.
1872 3000 1989 3040 6645.

257 3070 383 3111 9287.
405 3070 672 3113 9412-9415.
694 3072 847 3112 26758.
868 3072 956 3112 267
956 3072 1024 3122 60,
1048 3068 1245 3111 Statiliae
1266 3069 1401 3111 Tauri
1423 3067 1604 3110 libertae
1627 3067 1767 3110 V457.
1796 3067 1991 3110 V16558.

257 3139 411 3188 26784,
452 3138 503 3180 Τ.
535 3137 681 3181 Statili
711 3138 870 3181 liberta
905 3139 974 3181 VI
996 3142 1115 3190 6466,
1149 3139 1283 3181 Tauri
1325 3138 1471 3181 liberti
1514 3138 1582 3180 VI
1601 3140 1727 3181 6288.
1758 3139 1889 3187 6467,·
1919 3135 1993 3178 sed

252 3209 435 3260 possunt
472 3207 607 3250 inesse
650 3208 697 3250 in
739 3207 806 3250 his
851 3208 978 3250 etiam
1025 3207 1161 3250 Tauri
1198 3207 1373 3251 Statilii
1413 3207 1585 3250 Corvini
1625 3206 1768 3248 liberti
1804 3205 1992 3259 servique

257 3274 383 3329 (certe
412 3274 538 3318 huius
568 3289 654 3318 esse
681 3276 848 3319 videtur
868 3277 1003 3318 Tauri
1028 3275 1185 3319 Statilii
1209 3291 1360 3318 servus
1393 3275 1461 3319 VI
1474 3278 1612 3331 6604).
1638 3300 1687 3304 —-
1715 3274 1807 3316 Aut
1827 3274 1896 3316 hio
1917 3277 1992 3316 aut

257 3342 373 3397 filius
391 3344 481 3386 eius
492 3347 722 3398 praeterea
741 3345 909 3399 iynotus
930 3345 1102 3387 Taurus
1124 3344 1378 3388 adulescens
1401 3344 1478 3397 (sie
1503 3344 1571 3387 VI
1580 3346 1708 3396 6257)
1730 3343 1792 3385 vel
1819 3344 1990 3385 Taurus
