2242 3672
170 227 361 265 ,VEDIVS
1029 223 1122 269 ,391
1754 229 1993 268 VEIANIVS

178 358 181 360 ’
261 358 422 403 dedisse
451 359 653 415 Ephesiis
683 363 854 403 auctore
878 359 1073 415 Auyusto
1105 364 1208 415 post
1238 374 1433 416 puynam
1461 359 1718 416 Actiacam).
1778 361 1889 404 Item
1925 361 1994 405 hic

259 431 367 483 puto
408 427 594 484 Οὐήιὸιος
632 429 695 472 vel
739 429 938 473 Πωλλίων
984 428 1190 487 (Ὀηυδιος
1229 429 1519 485 Waddinyton
1559 444 1702 473 errore
1741 430 1998 486 typoyraphi

254 501 375 553 puto,
409 496 594 556 Οὐήιδιος
624 498 823 542 Πωλλίων
854 512 1048 541 nummus
1081 502 1246 541 tantum
1275 512 1385 542 unus
1413 498 1679 550 Golteianus,
1710 499 1785 542 sed
1811 499 1996 553 fortasse

256 567 505 622 yenui'nus),
561 567 682 609 cuius
739 581 889 610 nomen
937 567 984 609 in
1030 568 1211 610 nummis
1259 568 1398 610 nescio
1446 581 1624 622 quorum
1674 565 1996 611 Caesarensium

258 635 563 688 (Caesarcnses
582 635 815 690 Bithyniae
845 649 931 678 esse
960 637 1112 678 statuit
1131 636 1303 687 Echhel,
1342 636 1581 679 ,Trallenses
1603 639 1764 692 putant
1783 635 1996 691 plerique)

262 703 519 759 adscriptum
562 703 621 746 ad
655 704 895 759 imayinem,
937 719 1066 758 quam
1094 704 1283 760 Auyusti
1313 708 1476 760 putant
1503 705 1666 748 Eckhel
1696 706 1885 759 itemque,
1923 704 1998 748 sed

259 773 477 816 haesitans
514 772 813 828 Waddinyton‚
851 774 999 828 ipsius·
1024 773 1233 817 Pollionis
1264 777 1395 829 putat
1442 788 1479 817 v.
1522 774 1682 826 Sallet,
1724 789 1793 829 ap.
1834 773 1996 816 Eckhel

259 845 302 892 2,
323 845 419 892 409,
453 841 651 884 Mionnet
679 842 742 884 II
753 845 848 893 419,
874 845 939 896 57,
972 842 1110 897 suppl.
1143 842 1239 885 VII
1260 846 1353 894 466,
1386 846 1480 888 691,
1511 846 1605 895 467,
1637 847 1731 894 694,
1763 842 1996 897 Waddiny-

261 914 334 954 ton
362 924 487 953 revue
515 924 629 953 num.
652 913 764 954 1867
781 926 829 966 p.
851 915 949 962 121,
980 925 1018 955 v.
1040 910 1175 954 Sallet
1195 911 1400 957 Zeitschr.
1422 913 1454 967 f.
1478 912 1608 955 Nam.
1629 915 1668 968 3,
1693 915 1816 964 1876,
1839 913 1926 955 tab.
1943 912 2005 955 II

261 979 332 1036 fiy.
356 982 382 1022 7
412 979 465 1034 cf.
497 979 554 1022 ib.
575 983 615 1029 4,
649 982 764 1021 1877
782 994 832 1034 p.
856 982 948 1022 198.
998 979 1244 1022 Defunctus
1275 995 1314 1022 a.
1347 980 1429 1023 739
1459 979 1548 1023 Dio
1579 980 1606 1026 l.
1638 995 1672 1024 c.
1722 981 1923 1036 Augusto
1955 987 1997 1023 et

260 1048 348 1091 alia
368 1046 546 1105 reliquit
564 1046 637 1098 ib.,
671 1054 714 1090 et
744 1047 894 1090 villam
915 1049 983 1090 oui
1014 1063 1172 1091 nomen
1193 1049 1473 1106 Pausilypon,
1502 1048 1619 1092 haud
1640 1050 1793 1107 procul
1812 1049 1997 1107 Neapoli

261 1118 390 1160 sitam
419 1117 502 1168 ib.,·
531 1116 646 1159 Plin.
678 1116 717 1161 h.
747 1130 790 1159 n.
822 1120 862 1167 9,
894 1120 989 1159 167.
1049 1117 1275 1172 Augustus
1306 1118 1480 1161 domum
1513 1119 1606 1161 eius
1637 1118 1792 1174 diruit,
1826 1133 1880 1161 ne
1911 1133 1998 1175 qua

261 1186 472 1229 memoria
501 1186 594 1228 eius
624 1186 669 1227 in
700 1185 809 1228 urbe
840 1192 1010 1228 extaret
1030 1185 1119 1229 Dio
1150 1186 1176 1229 l.
1205 1200 1238 1231 c.
1292 1187 1418 1230 Servi
1449 1186 1683 1244 aliquando
1713 1189 1816 1243 eius,
1847 1194 1999 1245 postea

261 1253 465 1311 Augusti,
497 1254 600 1297 dieti
623 1254 814 1297 Vediani
835 1255 916 1309 (vel
935 1255 1157 1310 Veidiani)
1186 1255 1253 1299 VI
1265 1259 1412 1301 10377.
1440 1259 1579 1300 10395
1609 1259 1680 1312 (=
1697 1257 1732 1300 I
1744 1257 1807 1300 cd.
1824 1260 1916 1312 210.
1929 1260 1995 1302 69.

230 1324 396 1368 -XIII
416 1338 454 1366 v.
476 1323 558 1374 30),
600 1323 719 1366 Bull.
762 1338 862 1368 com.
903 1326 1014 1367 1886
1043 1339 1091 1379 p.
1124 1327 1208 1367 368
1246 1339 1287 1369 n.
1320 1328 1442 1376 1397,
1482 1324 1629 1368 liberti
1668 1325 1858 1381 Augusti
1893 1325 1997 1368 dieti

259 1393 449 1436 Vediani
480 1392 549 1436 VI
570 1395 691 1436 1963.
716 1395 829 1436 8893
858 1394 1013 1448 (nescio
1045 1407 1102 1436 an
1131 1394 1230 1436 item
1259 1395 1349 1437 eius
1379 1394 1611 1449 aliquando
1641 1408 1784 1437 servus
1807 1394 1997 1438 Anteros

264 1461 441 1520 hypaul.
482 1462 708 1505 Vedianus
756 1463 803 1504 in
855 1465 882 1504 t.
933 1459 1206 1505 Caesariensi
1246 1462 1555 1506 Mauretaniae
1595 1463 1717 1506 VIII
1748 1463 1791 1507 S.
1822 1465 1998 1519 21098).

261 1532 408 1587 Ipsius
444 1534 494 1575 ut
531 1531 697 1574 videtur
739 1531 940 1574 libertus:
978 1531 1177 1587 [Ve]dius
1217 1531 1441 1587 Pollioni[s
1482 1531 1572 1587 lib.]
1611 1532 1701 1575 III
1722 1535 1804 1575 599
1845 1532 2000 1587 (prope

261 1600 429 1644 Pellam
460 1599 775 1654 Macedoniae).
835 1600 976 1644 Plane
1018 1601 1222 1643 incertum
1257 1604 1400 1643 utrum
1440 1602 1493 1643 ab
1534 1600 1611 1643 hoc
1642 1615 1700 1643 an
1730 1615 1758 1643 a
1786 1600 1839 1643 P.
1871 1599 1998 1643 Vedio

261 1669 483 1714 Antonino
524 1683 582 1712 an
622 1669 676 1712 ab
719 1669 805 1712 alio
845 1669 1028 1724 quodam
1067 1670 1208 1724 iynoto
1248 1684 1398 1712 nomen
1444 1673 1483 1712 et
1525 1670 1735 1712 civitatem
1773 1669 2001 1712 habuerint

264 1739 313 1784 P.
344 1738 487 1794 Vedii,
521 1737 685 1795 Ephesi
715 1738 805 1781 III
826 1741 920 1781 437.
950 1742 1043 1782 440.
1075 1742 1172 1790 442,
1206 1737 1327 1782 GIG.
1355 1742 1476 1782 3006.

177 1809 263 1853 214
291 1807 460 1852 Vedius
491 1807 652 1865 Rufus,
697 1822 753 1850 ex
793 1808 930 1850 servis
972 1806 1181 1850 oriundus
1211 1814 1455 1864 equestrem
1485 1807 1742 1863 dignitatem
1772 1807 2002 1863 usurpavit

265 1885 420 1934 ‘usque
454 1876 510 1919 ad
540 1875 813 1919 tribunatum
851 1875 1069 1931 militum',
1115 1877 1160 1919 in
1201 1892 1330 1933 quem
1367 1877 1580 1920 Horatius
1618 1876 1793 1933 scripsit
1832 1875 2000 1933 epodon

263 1961 440 1989 carmen
480 1952 682 2003 quartum
724 1945 886 1988 codices
926 1945 1098 2000 quidam
1137 1945 1377 1988 Horatiani
1415 1945 1474 1988 ad
1500 1945 1611 1988 Hor.
1644 1945 1762 2000 epod.
1795 1948 1834 1989 4.
1901 1944 2002 1987 Non

263 2017 370 2060 satis
409 2019 548 2060 certae
586 2015 690 2072 fidei
724 2016 947 2067 narratio,
989 2017 1046 2070 cf.
1078 2016 1298 2071 Kiessliny
1339 2016 1397 2058 ad
1426 2016 1582 2060 Horat.
1624 2015 1651 2057 l.
1694 2029 1726 2057 c.
1766 2013 1834 2067 (de
1874 2013 2001 2056 Vedio

262 2085 458 2129 Pollione
488 2099 534 2128 eo
565 2085 639 2139 qui
663 2084 893 2139 praecedit,
926 2085 1127 2140 coyitavit
1151 2085 1306 2139 Ritter,
1339 2084 1478 2139 maless.

178 2156 262 2198 215
292 2161 525 2209 VEDVSIA,
559 2155 695 2197 Tauri
727 2167 869 2197 soror:
911 2154 1001 2196 eius
1031 2153 1186 2196 liberta
1215 2153 1412 2196 Vedusia
1442 2153 1577 2195 Tauri
1609 2153 1768 2195 sororis
1798 2151 1826 2194 l.
1858 2151 1997 2207 Auge,

266 2239 378 2267 uxor
407 2224 459 2266 T.
492 2222 665 2278 Statilii,
699 2223 835 2265 Tauri
865 2222 906 2274 l.‚
939 2222 1118 2265 Diodoti
1151 2222 1221 2265 VI
1237 2225 1371 2273 6214;
1402 2222 1584 2264 eiusdem
1613 2222 1796 2275 fortasse
1827 2221 2001 2263 libertus

266 2295 383 2341 Γάιος
416 2291 686 2348 Οὐεδούσ[ιος]
729 2293 772 2334 in
805 2291 956 2333 eodem
987 2297 1264 2333 monumento
1293 2290 1587 2347 sepultusVI
1609 2292 1725 2333 6225
1754 2290 2002 2345 (praeterea

270 2363 547 2407 Vedusiorum
586 2375 739 2404 nomen
776 2361 961 2415 reperiri
998 2360 1083 2403 vid(
1094 2363 1164 2402 tur
1191 2360 1272 2402 XI
1293 2360 1430 2414 3991).
1500 2359 1634 2402 Soror
1661 2358 1826 2401 videtur
1855 2358 1998 2412 fuisse,

263 2433 436 2475 uterina
477 2431 646 2474 omnino
692 2431 764 2485 (cf.
806 2429 1046 2472 Mommsen
1084 2428 1196 2472 CIL.
1239 2428 1306 2471 VI
1330 2443 1377 2483 p.
1410 2431 1503 2479 995,
1534 2427 1591 2482 8),
1632 2441 1734 2470 nam
1773 2441 1823 2470 ex
1861 2425 2001 2469 eodem

262 2505 394 2558 patre
422 2501 463 2543 si
490 2500 662 2554 fuisset,
706 2499 860 2541 liberta
890 2499 981 2540 eius
1012 2498 1222 2541 diceretur
1253 2496 1437 2547 statilia,
1475 2500 1549 2539 aut
1585 2496 1629 2539 T.
1663 2495 1835 2539 Statilii
1868 2495 2003 2538 Tauri

264 2569 447 2614 consulis
478 2583 518 2613 a.
541 2583 591 2623 p.
620 2566 721 2611 Chr.
744 2570 795 2610 11
827 2570 903 2609 aut
932 2566 1018 2622 filii
1045 2567 1135 2608 eius
1162 2566 1344 2609 consulis
1375 2580 1414 2610 a.
1435 2580 1484 2620 p.
1514 2564 1615 2609 Chr.
1642 2568 1709 2609 44.

193 2665 251 2670 -—
294 2646 339 2682 L.
371 2643 563 2680 MARIVS
594 2642 882 2679 VEGETINVS
914 2641 1144 2677 LVCANVS
1176 2640 1476 2676 TIBERENVS.

192 2734 250 2739 —--
294 2716 339 2750 L.
371 2712 562 2749 MARIVS
595 2711 883 2747 VEGETINVS
914 2709 1210 2746 MARCIANVS
1241 2709 1540 2745 MINICIANVS
1572 2707 1933 2744 MYRTILIANVS.

180 2779 264 2822 216
296 2777 509 2831 vegetus,
554 2774 746 2817 Senecae
785 2774 950 2815 amicus
992 2787 1163 2815 carmen
1193 2772 1379 2815 Senecae
1407 2774 1455 2813 ut
1483 2770 1648 2813 videtur
1684 2769 2003 2813 attribuendwm

270 2845 509 2899 (Baehrens
539 2843 698 2886 Poetae
729 2843 827 2884 Lat.
859 2843 960 2886 min.
982 2841 1063 2884 IV
1076 2856 1125 2896 p.
1149 2840 1236 2896 72).

194 2940 253 2948 --
296 2922 340 2957 L.
372 2918 608 2971 MVMMIVS
638 2917 797 2952 NIGER
829 2917 1043 2961 QVINTVS
1066 2916 1317 2953 VALERIVS
1347 2915 1579 2952 VEGETVS
1612 2914 1894 2952 SEVERINVS
1926 2911 2003 2953 Gel-

194 3010 252 3016 —
296 2983 346 3028 C.
379 2981 617 3039 Septimius
649 2981 855 3035 vegetus.

198 3080 251 3084 -—
296 3052 346 3097 C.
378 3049 582 3094 Valerius
614 3049 720 3092 Pius
751 3049 957 3104 vegetus.

194 3149 252 3154 —
298 3130 340 3174 Q.
372 3125 626 3163 VALERIVS
659 3124 903 3162 VEGETVS.

198 3218 251 3224 —
297 3190 350 3233 L.
381 3188 518 3232 Iulius
549 3187 781 3243 Veh[il]ius
813 3186 1016 3244 Gr[atus]
1047 3185 1255 3230 Iulianus.

197 3286 253 3293 —
298 3267 341 3311 Q.
372 3264 515 3301 VEI..
547 3256 742 3312 V[E]TVS
772 3270 809 3299 v.
843 3255 896 3309 Q.
927 3256 1022 3299 Ve.
1042 3289 1052 3299 .
1071 3289 1080 3298 .
1099 3289 1108 3299 .
1140 3256 1321 3312 Iu[s]tus
1352 3253 1410 3307 (n.
1442 3254 1558 3308 210).

182 3330 265 3375 217
296 3328 517 3382 Veianius,
550 3325 708 3369 nobilis
737 3325 952 3382 gladiator
983 3325 1250 3382 temporibus
1282 3325 1452 3367 Horatii
1484 3322 1555 3365 vel
1587 3321 1732 3380 paullo
1767 3328 1867 3364 ante
1888 3321 1999 3364 Hor.
