2242 3672
339 220 552 257 SENECIO
1203 210 1284 252 198
1937 215 2146 253 SENTIVS
2214 246 2217 250 .

350 376 408 380 —
452 357 495 402 Q.
529 355 807 392 CORNELIVS
839 352 1054 390 SENECIO
1086 351 1357 389 ANNIANVS.

354 443 409 449 ——
455 426 497 470 Q.
530 423 809 460 CORNELIVS
839 421 1052 457 SENECIO
1085 420 1355 457 PROCVLVS.

352 511 408 517 —
450 490 741 528 HERENNIVS
775 489 1002 524 SENECIO.

349 580 406 585 —
449 554 496 597 C.
528 552 733 607 Iu[l(ius)]
768 551 961 595 Senecio,

447 623 497 664 L.
529 620 694 663 Lollius
727 620 922 663 Senecio.

447 690 506 733 M.
536 688 702 731 Lollius
732 688 926 732 Senecio.

449 762 662 799 SENECIO
694 762 929 797 MEMMIVS
959 761 1096 797 AFER
1125 769 1160 799 v.
1192 756 1268 798 sub
1301 756 1489 799 Memm—.

447 833 491 868 L.
522 831 757 867 MEMMIVS
789 830 1058 867 TVSCILLVS
1091 830 1317 869 SENECIO.

447 902 498 937 M.
529 900 760 935 NVMMIVS
791 898 1004 935 SENECIO
1035 899 1265 935 ALBINVS.

446 970 497 1006 M.
528 967 759 1004 NVMMIVS
791 967 1012 1003 VMBRIVS
1045 967 1259 1004 SENECIO
1289 967 1521 1004 ALBINVS.

449 1038 491 1082 Q.
533 1036 779 1072 POMPEIVS
819 1035 1034 1071 SENECIO
1079 1036 1283 1072 ROSCIVS
1325 1036 1539 1072 MVRENA
1580 1035 1791 1072 COELIVS
1833 1037 1940 1074 SEX.
1979 1037 2148 1074 IVLIVS

417 1105 701 1141 FRONTINVS
734 1101 807 1141 cet.
841 1104 1006 1140 sosivs
1039 1104 1256 1143 PRIscvs
2055 1095 2057 1097 ’

345 1193 402 1198 -
448 1168 728 1223 Sempronius
755 1166 952 1212 Senecio.

346 1262 403 1267 —
447 1243 490 1288 Q.
523 1242 692 1278 SOSIVS
724 1235 827 1290 (Sive
857 1236 1071 1290 SOSSIVS)
1104 1241 1330 1280 SENECIO.

344 1330 403 1335 —
447 1312 491 1347 L.
540 1310 834 1346 STERTINIVS
883 1310 1239 1355 QVINTILIANVS
1284 1310 1481 1346 ACILIVS
1534 1310 1724 1347 STRABO
1775 1311 1818 1356 Q.
1865 1311 2147 1349 CORNELIVS

416 1379 655 1415 RVSTICVS
687 1379 936 1414 APRONIVS
970 1379 1184 1415 SENECIO
1217 1379 1486 1415 PROCVLVS.

344 1466 401 1471 -—
444 1448 497 1485 M.
529 1448 780 1483 VALERIVS
814 1447 1043 1483 SENECIO.
1346 1474 1349 1477 -

344 1535 402 1540 —
445 1516 497 1553 M.
529 1516 703 1552 VLPIVS
737 1515 951 1551 SENECIO
983 1515 1313 1554 SATVRNINVS.

346 1604 404 1609 —
449 1578 676 1622 Cornelius
708 1578 865 1622 Senex.

343 1672 401 1677 —
444 1647 580 1690 Iulius
613 1647 771 1691 Senex.

343 1741 401 1747 ——
445 1716 659 1759 Senianus
689 1731 725 1761 v.
759 1716 1014 1760 Saenianus.

342 1810 401 1815 —
444 1785 509 1827 Ti.
544 1784 792 1840 Cla(udius)
826 1785 1103 1840 Senill(us‘?).

332 1853 414 1896 285
447 1859 658 1895 SENNIVS
692 1860 900 1895 SABINVS
932 1854 1097 1909 (nomen
1124 1853 1385 1908 yentilicium
1404 1854 1587 1908 fortasse
1608 1857 1863 1909 corruptum,
1895 1869 2148 1911 quamquam

419 1922 481 1964 bis
524 1923 585 1964 sic
629 1922 848 1977 semotum)
893 1922 1145 1979 proconsul,
1194 1930 1243 1964 ut
1283 1923 1476 1978 videtur,
1525 1930 1639 1965 certe
1681 1938 1855 1980 praeses
1898 1926 2149 1981 provinciae

419 1990 634 2045 Ulpianus
664 1990 775 2033 libro
806 1991 930 2034 VIII
952 1991 1001 2034 de
1032 1991 1175 2046 officio
1196 1991 1479 2045 proconsulis,
1511 1991 1614 2047 Diy.
1634 1994 1702 2043 48,
1725 1995 1791 2043 18,
1812 1995 1839 2035 1
1860 2007 1931 2048 pr.
1964 1997 2004 2037 et
2029 1995 2070 2038 5'.

344 2084 401 2088 —
446 2059 506 2101 M.
537 2058 799 2115 Calpurnius
831 2059 998 2103 Seneca
1027 2059 1191 2102 Fabius
1222 2060 1387 2116 Turpio
1420 2060 1757 2103 Sentinatianus.

335 2128 417 2170 286
450 2128 646 2182 Sentius,
689 2135 737 2170 ut
774 2129 937 2171 amicus
968 2129 1226 2185 Vespasiani
1266 2128 1407 2171 adhuc
1448 2129 1605 2185 privati
1641 2136 1903 2173 memoratus
1933 2144 2031 2188 una,
2049 2143 2147 2173 cum

417 2195 611 2238 Thrasea
657 2203 699 2239 et
745 2197 934 2251 Sorano3
981 2198 1060 2240 sub
1101 2197 1273 2239 Nerone
1316 2204 1363 2240 ut
1407 2197 1581 2240 videtur
1619 2197 1781 2241 iudicio
1827 2199 2148 2243 circumventus

423 2264 521 2307 Tae.
553 2265 592 2309 h.
616 2269 655 2315 4,
690 2269 726 2308 7.

333 2333 415 2375 287
449 2332 645 2389 Sentius,
689 2335 905 2389 centurio,
946 2333 1059 2377 bello
1090 2334 1293 2377 Parthico
1322 2335 1499 2377 Traiani
1540 2334 1708 2390 legatus
1747 2335 1803 2377 ad
1845 2335 2147 2393 Mebarsapem

419 2415 564 2455 regem
596 2400 844 2443 Adiabenes
883 2402 1062 2457 missus,
1100 2409 1143 2444 et
1179 2402 1234 2445 ab
1265 2417 1314 2444 eo
1345 2403 1390 2444 in
1417 2402 1597 2445 vincula
1632 2403 1876 2459 coniectus,
1918 2403 2148 2462 adpropin-

420 2468 653 2523 quantibus
685 2470 888 2512 Romanis
910 2469 1158 2527 Adenystra
1189 2470 1413 2514 castellum
1444 2473 1505 2513 eis
1535 2472 1707 2528 aperuit
1735 2471 1824 2515 Dio
1853 2474 1918 2523 68,
1949 2475 2014 2516 ,22
2042 2470 2146 2525 (exc.

421 2536 469 2578 de
499 2536 606 2591 leq).

333 2603 415 2644 288
449 2610 524 2647 CN.
557 2612 788 2648 SENTIVS:
820 2622 898 2663 per
926 2607 1041 2650 hunc
1072 2614 1114 2650 et
1134 2608 1188 2653 A.
1212 2608 1431 2650 Plautium
1454 2607 1662 2651 Claudius
1685 2609 1956 2652 Britanniam
1986 2609 2148 2652 devicit

418 2672 599 2727 Eutrop.
638 2678 673 2724 7,
709 2678 773 2719 13.
836 2675 1010 2718 Videtur
1047 2677 1235 2732 intelleyi
1270 2676 1347 2720 Gn.
1380 2676 1552 2720 Sentius
1586 2677 1850 2720 Saturninus
1889 2690 1969 2721 008.
2009 2692 2050 2724 a.
2078 2681 2147 2731 41,

419 2741 493 2781 sub
527 2755 605 2793 quo
636 2743 690 2795 cf.

334 2808 416 2849 289
450 2814 489 2850 C.
513 2815 721 2852 SENTIVS
742 2818 1064 2855 ABVRNIANVS
1087 2828 1198 2855 unus
1220 2828 1276 2855 ex
1295 2815 1441 2870 pueris
1463 2820 1710 2856 senatorum
1730 2813 1830 2856 filiis
1846 2814 1921 2871 qui
1942 2814 2148 2858 fratribus

419 2875 653 2919 Arvalibus
684 2894 720 2920 a.
745 2881 825 2922 120
851 2881 1157 2923 ministrabant
1187 2885 1267 2924 act.
1289 2881 1393 2926 Arv.

334 2944 416 2986 290
449 2943 621 2987 Sentius
661 2946 912 3001 Augurinus
954 2950 1030 3004 (sic
1071 2964 1133 3004 ep.
1163 2953 1202 3000 4,
1233 2954 1304 3001 27,
1346 2950 1600 3006 Augurinus
1640 2965 1701 3005 ep.
1734 2953 1773 3002 9,
1805 2950 1863 3006 8),
1909 2951 2149 2995 carminum

420 3013 624 3068 scriptor3
670 3016 922 3058 recitantem
962 3032 1059 3059 eum
1097 3018 1265 3060 audivit
1304 3018 1472 3062 Plinius
1511 3019 1630 3062 Plin.
1663 3034 1724 3074 ep.
1755 3023 1794 3070 4,
1826 3022 1897 3063 27.
1967 3018 2148 3075 Origine

423 3081 684 3124 Veronensis
715 3091 761 3125 ut
791 3084 967 3126 videtur
996 3087 1052 3128 z‘b.
1082 3090 1121 3137 4,
1150 3090 1221 3137 27,
1252 3091 1291 3130 4.
1354 3087 1603 3130 Familiaris
1634 3088 1874 3142 (Vestricii)
1905 3087 2149 3144 Spurinnae

422 3155 464 3190 et
505 3149 659 3204 (Arrii)
701 3152 909 3194 Antonini
952 3155 1323 3208 ‘gravissimorum
1364 3163 1546 3211 senum‘,
1588 3157 1679 3212 ipse
1719 3155 1971 3198 adulescens
2011 3156 2069 3200 ib.
2107 3161 2148 3215 4,

421 3220 491 3267 27,
522 3220 560 3259 5.
593 3222 631 3260 6.
689 3219 760 3261 Ad
792 3222 976 3263 eundem
1005 3224 1179 3279 scripsit
1206 3224 1374 3266 Plinius
1404 3239 1467 3278 ep.
1500 3228 1538 3274 9,
1567 3227 1608 3267 8.
1668 3223 1735 3277 Of.
1758 3227 1988 3278 praeterea
2016 3238 2150 3279 supra

423 3286 498 3326 sub
526 3286 574 3338 Q.
613 3286 750 3329 Gellio
783 3289 928 3332 Sentio
959 3290 1196 3344 Auyurv’no.

348 647 405 653 Ι

346 716 405 1062 ΙΙΙΙΙΙ
