2242 3672
104 246 261 284 VERA-
279 254 283 257 *
326 255 331 258 ·
354 256 357 257 ⁷
978 240 1063 285 399
1668 247 1940 285 VERMIVSv

189 384 341 436 postea
382 393 482 421 cum
523 377 837 422 Cartimandua
875 378 1148 422 Vellocatum
1194 380 1239 422 in
1284 381 1608 424 matrimonium
1651 394 1924 438 regnumque

190 448 437 504 recepisset,
470 454 622 490 auctor
653 448 914 491 seditionum
942 448 1039 491 Tac.
1064 463 1105 491 a.
1127 453 1197 500 12,
1218 452 1285 505 40,
1316 449 1358 493 h.
1377 453 1417 501 3,
1438 453 1504 493 45.

103 516 188 559 263
218 522 358 558 VERA
403 516 453 559 T.
495 515 653 560 Caunii
698 517 836 560 Prisci
880 516 1013 573 legati
1060 532 1137 574 pro
1177 533 1240 576 pr.
1282 517 1460 562 Africae
1503 534 1616 562 uxor
1658 519 1782 562 VIII
1809 521 1926 563 2588

189 586 244 640 cf.
275 588 400 629 2583.

115 678 175 684 —
216 661 377 698 ARRIA
407 660 594 697 PLARIA
623 661 762 697 VERA
792 661 1069 699 PRISCILLA.

115 747 173 753 -
216 723 401 767 Veturia
429 724 560 767 Vera.
1070 720 1074 723 ’

115 817 173 823 -
217 792 479 847 MARo(1vs)
510 798 814 836 VERAolmvs
847 799 1024 837 VERVS.

101 862 186 905 264
215 862 435 905 Veranius
466 861 692 916 (Veratius
722 862 787 905 vel
817 863 1029 905 Veracius
1061 863 1250 906 traditur
1282 864 1482 908 Macrob.
1512 867 1592 907 sat.
1623 868 1662 916 3,
1685 868 1723 916 6,
1746 867 1815 919 14)
1848 866 1923 922 qui

187 931 361 988 scripsit
390 929 707 988 pontificalium
737 933 1039 988 quaestionum
1070 931 1204 975 libros
1227 933 1425 976 Macrob.
1448 936 1527 976 sat.
1549 936 1588 984 3,
1610 936 1649 984 5,
1672 937 1698 976 6
1719 934 1924 991 (quorum

187 1014 323 1043 unnm
365 1005 414 1042 ut
456 999 631 1042 videtur
661 999 715 1041 de
756 1000 1145 1057 supplicationibus
1176 1002 1233 1046 ib.
1263 1005 1302 1053 3,
1334 1006 1373 1053 6,
1405 1006 1482 1054 14,·
1522 1002 1575 1044 de
1606 1003 1756 1045 verbis
1787 1005 1924 1059 ponti-

185 1068 383 1112 ficalibus
405 1069 461 1111 ib.
483 1071 523 1119 3,
540 1072 610 1119 20,
625 1068 673 1122 2)
696 1068 868 1125 aliaque
890 1069 1017 1112 huius
1038 1071 1210 1125 generis
1226 1070 1383 1114 Festus
1395 1086 1442 1126 p.
1459 1073 1547 1115 289
1564 1071 1681 1114 alibi.
1719 1071 1924 1115 Fortasse

185 1137 379 1193 Auyusto
412 1137 641 1191 antiquior,
674 1140 784 1180 certe
813 1152 897 1180 non
928 1139 1147 1181 recentior.
1207 1138 1274 1193 Cf.
1303 1138 1465 1191 Teuffel
1494 1140 1580 1182 Isit.
1601 1143 1695 1191 199,
1717 1144 1757 1183 4.
1802 1141 1923 1184 Eun-

187 1206 278 1249 dem
298 1220 385 1250 esse
411 1206 641 1250 Veranium
660 1205 872 1249 Flaccum
894 1207 1015 1261 infra
1040 1222 1081 1250 n.
1099 1211 1185 1251 267
1206 1209 1382 1250 coniecit
1409 1207 1458 1251 Ο.
1480 1208 1732 1263 Hirschfeld
1755 1209 1925 1253 Wiener

187 1276 368 1320 Studien
387 1279 427 1328 3,
445 1279 554 1320 1881
566 1291 614 1331 p.
632 1279 714 1318 110
737 1275 828 1330 (qui
847 1277 976 1319 etiam
1000 1268 1118 1332 apud
1133 1278 1408 1321 Macrobium
1429 1282 1509 1321 sat.
1527 1282 1566 1329 1,
1583 1282 1649 1330 15,
1667 1283 1724 1323 21
1752 1279 1926 1322 Veranii

185 1345 342 1389 Flacci
377 1359 529 1389 nomen
567 1345 851 1400 reponendum
893 1359 980 1388 esse
1020 1346 1192 1401 censet),
1233 1347 1282 1389 de
1320 1361 1365 1389 eo
1399 1347 1474 1401 qui
1507 1348 1696 1402 sequitur
1726 1349 1926 1403 coyitavit

186 1414 389 1458 Huebner
417 1414 508 1470 eph.
540 1428 603 1469 ep.
625 1417 657 1458 2
676 1428 725 1469 p.
750 1417 813 1459 73.

99 1485 183 1528 265
215 1491 259 1537 Q.
291 1490 548 1527 VERANlVS
592 1474 904 1528 Germanicum
950 1485 1183 1527 comitatur
1222 1486 1266 1526 in
1309 1484 1534 1528 Orientem
1580 1486 1678 1530 Tac.
1711 1500 1751 1529 α.
1782 1489 1821 1538 3,
1854 1490 1922 1530 10.

185 1554 300 1597 Eum
345 1569 383 1597 a.
427 1554 478 1596 18
528 1553 833 1611 CappadoceS,
881 1554 926 1595 in
971 1553 1155 1596 formam
1200 1554 1455 1610 provinciae
1499 1554 1687 1610 redacti,
1735 1555 1923 1612 legatum

184 1637 393 1680 accepere
422 1623 479 1668 ib.
512 1626 556 1674 2,
586 1625 641 1666 56
680 1623 781 1679 (non
825 1623 898 1665 diu
936 1622 1102 1666 videtur
1130 1623 1338 1665 mansisse
1377 1623 1425 1666 in
1459 1623 1754 1679 Cappadocia,
1798 1638 1924 1679 quam

186 1692 334 1737 deinde
374 1707 402 1735 a
435 1692 792 1748 procuratoribus
831 1695 991 1735 rectam
1032 1705 1118 1735 esse
1158 1691 1343 1747 scimus).
1403 1691 1624 1735 Defuncto
1661 1692 1924 1736 Germanico

185 1762 388 1805 Pisonem
429 1768 608 1804 accusat
645 1762 701 1806 ib.
734 1765 777 1813 2,
812 1764 876 1806 74.
918 1764 958 1813 3,
990 1765 1055 1804 10.
1087 1764 1153 1804 13.
1223 1761 1442 1804 Damnato
1483 1761 1642 1804 Pisone
1682 1762 1923 1806 sacerdotio

185 1837 422 1874 exornatus
453 1831 511 1873 ib.
542 1833 581 1882 3,
613 1833 679 1873 19.

96 1901 181 1945 266
213 1907 256 1952 Q.
287 1906 545 1942 VERANIVS
577 1898 727 1942 consul
758 1899 848 1941 ord.
881 1914 918 1942 a.
951 1900 1020 1942 49.
1086 1899 1222 1942 Tituli
1249 1900 1444 1942 urbanus
1474 1899 1543 1942 VI
1563 1902 1705 1943 31723
1726 1920 1782 1935 z
1801 1899 1921 1943 Bull.

181 1969 276 2012 dell‘
298 1969 405 2012 Inst.
437 1970 547 2012 1885
568 1983 617 2022 p.
642 1972 698 2010 10
729 1967 803 2024 (1),
845 1969 981 2023 Lycii,
1015 1968 1288 2023 Sidymensis,
1321 1968 1478 2011 Reisen
1517 1969 1576 2010 im
1606 1968 1923 2012 sudwestlichen

184 2038 237 2081 K
241 2038 447 2081 leinasien
474 2038 508 2080 I
522 2052 571 2092 p.
593 2040 652 2080 62
672 2036 748 2092 (2),
788 2036 1058 2092 Cibyraticus
1089 2038 1147 2079 ib.
1169 2037 1231 2083 II
1245 2052 1292 2092 p.
1315 2040 1394 2080 189
1423 2052 1465 2081 n.
1487 2040 1572 2080 251
1594 2036 1665 2092 (3).
1713 2037 1766 2091 Q.
1789 2038 1923 2080 Vera-

183 2109 281 2151 nius
313 2111 341 2150 t.
365 2111 404 2158 1,
438 2106 636 2162 Κό[ιν]τος
667 2105 925 2164 Οὐηρ[άνι]ος
955 2110 983 2150 t.
1006 2109 1045 2157 3,
1080 2105 1260 2161 Κό[ιντος
1291 2106 1527 2164 Οὐηράν]ιος
1568 2109 1594 2149 t.
1627 2110 1670 2157 2,
1705 2107 1922 2150 Veranius

185 2177 286 2221 Tac.
309 2190 348 2221 a.
371 2179 437 2227 14,
454 2178 526 2226 29,
549 2175 658 2230 Α9ν.
674 2178 739 2225 14,
765 2174 1010 2232 Οὐηιράνιος,
1034 2175 1229 2232 Οὐράνιος
1251 2175 1416 2229 Ioseph.
1440 2178 1528 2218 ant.
1551 2178 1618 2226 19,
1634 2178 1673 2226 3,
1690 2179 1718 2218 4
1740 2176 1924 2228 codices;

183 2247 230 2289 in
269 2245 492 2288 consulatu
530 2244 584 2298 Q.
616 2244 835 2287 Veranius
869 2244 1119 2299 plerumque
1156 2244 1262 2299 (sine
1302 2257 1435 2286 causa
1476 2258 1503 2286 a
1542 2244 1760 2287 nonnullis
1790 2244 1927 2287 dictus

184 2314 237 2368 Q.
270 2315 488 2357 Veranius
518 2314 698 2370 Nepos).
732 2339 783 2344 -
826 2313 909 2355 Via·
937 2314 975 2356 is
1004 2313 1079 2367 qui
1107 2312 1352 2367 praecedit,
1383 2313 1455 2355 vix
1485 2313 1597 2355 enim
1628 2313 1666 2355 is
1695 2314 1770 2367 qui
1799 2328 1839 2358 a.
1871 2316 1925 2356 18

185 2383 504 2439 Cappadociam
541 2382 769 2437 reyendam
808 2383 1012 2437 suscepit,
1054 2382 1246 2436 quamvis
1277 2381 1517 2424 adolescens
1546 2382 1695 2435 fuerit,
1736 2382 1925 2437 quadra-

180 2454 307 2508 yinta
338 2452 465 2495 annis
486 2454 642 2506 postea
670 2451 826 2493 missus
856 2454 916 2493 est
955 2451 1002 2492 in
1030 2449 1311 2492 Britanniam
1341 2450 1614 2504 provinciam
1654 2449 1925 2506 lonqinquam

185 2525 225 2565 et
255 2521 509 2565 bellicosam.
570 2520 623 2562 A.
655 2521 707 2562 41
741 2519 942 2562 tribunus
975 2519 1137 2575 plebiS,
1172 2518 1354 2561 Claudio
1385 2518 1591 2561 mandata
1621 2526 1798 2562 senatus
1828 2535 1925 2576 per-

188 2590 274 2633 fert
306 2589 473 2645 Iosepk.
507 2592 595 2632 ant.
627 2592 694 2640 19,
730 2591 770 2639 3,
800 2592 840 2631 4.
876 2613 928 2617 —-
960 2588 1152 2643 Legatus
1183 2601 1263 2644 pro
1294 2601 1359 2643 pr.
1393 2587 1578 2643 Lyciae,
1613 2586 1696 2630 sub
1738 2587 1922 2632 Claudio

184 2663 213 2703 t.
240 2663 284 2704 2.
315 2661 343 2702 3
382 2657 584 2713 (fortasse
616 2658 789 2712 primus
817 2660 919 2712 post
948 2657 1126 2711 Isyciam
1148 2656 1421 2710 provinciam
1449 2656 1625 2710 factam,
1659 2657 1713 2711 cf.
1745 2657 1925 2701 Hirsch-

183 2728 275 2783 feld
303 2723 420 2771 adt.
451 2728 512 2782 2).
564 2727 636 2770 Ab
668 2741 714 2769 eo
743 2730 792 2769 ut
820 2726 986 2768 videtur
1017 2725 1226 2780 appellati
1255 2726 1357 2780 (ipsi
1384 2724 1448 2767 vel
1468 2728 1622 2779 patres
1651 2739 1796 2769 eorum
1826 2728 1924 2769 civi-

185 2800 315 2840 tatem
335 2812 420 2853 per
449 2811 542 2840 eum
570 2796 705 2850 nacti)
735 2795 861 2838 multi
890 2795 1068 2838 Veranii
1097 2798 1137 2837 et
1162 2795 1209 2848 Q.
1243 2793 1420 2836 Veranii
1446 2794 1493 2836 in
1509 2794 1659 2849 Isycia,
1692 2795 1745 2849 cf.
1768 2795 1925 2838 Reisen

183 2867 243 2909 im
271 2865 481 2910 sudwestl.
514 2865 566 2907 K
570 2865 775 2908 leinasien
806 2865 839 2907 I
854 2879 901 2919 p.
932 2867 985 2906 65
1015 2878 1056 2906 n.
1087 2866 1154 2914 35,
1190 2877 1238 2917 p.
1270 2866 1325 2905 93
1353 2877 1395 2905 n.
1416 2865 1486 2914 80,
1518 2863 1580 2905 ΙΙ
1593 2877 1641 2918 p.
1663 2867 1745 2906 190
1770 2864 1878 2907 XII
1882 2879 1922 2919 a,

178 2951 229 2991 p.
259 2939 343 2979 114
371 2935 420 2978 X
429 2934 554 2977 VIII
558 2934 597 2985 d,
630 2948 678 2988 p.
711 2936 794 2976 186
829 2947 868 2977 n.
897 2936 987 2976 242
1016 2953 1070 2967 =
1104 2931 1394 2986 Waddz'nyton
1426 2946 1468 2973 n.
1491 2934 1614 2982 1213,
1648 2932 1776 2975 Serta
1805 2933 1922 2976 Har-

183 3004 346 3048 teliana
376 3018 425 3059 p.
458 3006 482 3046 1
495 3036 504 3054 ‚
545 3001 669 3046 OIG.
699 3001 871 3056 422401).
916 3002 1025 3044 Item
1056 3000 1114 3043 ad
1142 3000 1253 3043 hunc
1283 3000 1448 3043 videtur
1474 3000 1692 3054 pertinere
1729 3015 1925 3045 nummus

191 3072 483 3128 Cibyraticus,
525 3085 645 3125 quem
686 3070 819 3114 edidit
858 3070 1098 3113 Loebbecke
1138 3069 1387 3123 Zeitschrift
1422 3069 1495 3123 fur
1536 3068 1827 3113 Numismatilc
1851 3073 1923 3118 15,

185 3143 300 3184 1887
324 3155 374 3196 p.
405 3143 473 3184 51.
509 3165 561 3170 —
604 3139 765 3183 Consul
806 3143 834 3182 t.
871 3143 904 3191 1,
946 3138 1037 3181 ord.
1068 3153 1106 3182 a.
1137 3138 1193 3181 49
1233 3153 1333 3181 cum
1374 3139 1581 3195 Pompeio
1612 3138 1763 3194 Longo
1796 3138 1923 3183 Gallo

183 3210 302 3265 fasti.
361 3210 554 3264 Legatus
589 3223 668 3266 pro
704 3224 768 3265 pr.
806 3209 1073 3261 Britanniae,
1112 3221 1338 3250 successor
1372 3206 1495 3249 Didii
1531 3206 1632 3250 Tac.
1669 3222 1710 3250 α.
1741 3210 1815 3259 14,
1849 3211 1920 3263 29,

183 3278 291 3334 Ayr.
320 3281 398 3330 14,·
431 3277 630 3321 ‘modicis
661 3276 919 3320 excursibus
952 3275 1119 3319 Siluras
1159 3275 1414 3333 populatus,
1457 3277 1565 3335 quin
1604 3274 1719 3318 ultra
1758 3274 1922 3319 bellum

135 3369 147 3396 χ
178 3347 407 3405 proferret,
438 3352 578 3390 morte
596 3345 839 3404 prohibitus
867 3351 945 3388 est’
975 3345 1072 3389 Tac.
1094 3360 1133 3388 a.
1156 3348 1220 3397 14,
1243 3348 1315 3400 29,
1341 3347 1473 3388 ‘intra
1494 3358 1658 3387 annum
1681 3345 1915 3388 extinctus’
