2242 3672
152 247 416 285 SEPTIMIVS
1019 243 1102 286 215
1704 248 1971 286 SEPTIMIVS

234 379 405 422 maniae
423 377 498 421 sed
517 377 771 421 Pannoniae
791 380 1089 434 praepositum
1111 393 1197 423 esse
1217 379 1417 424 Severum
1448 394 1498 423 ex
1526 381 1735 424 mentione
1763 379 1978 424 Carnunti

236 450 416 503 apparet
440 447 486 489 in
510 446 607 501 ipsa
630 446 720 488 vita
740 446 893 501 paullo
916 451 1018 502 post
1034 450 1073 500 5,
1098 448 1155 504 1).
1207 449 1398 504 Legatus
1420 449 1692 503 (Pannoniae
1712 448 1801 492 Dio
1821 452 1887 500 73,
1907 453 1974 501 14,

234 515 405 572 legatus
436 515 689 558 Pannoniae
720 516 943 572 utriusque
969 517 1127 560 Herod.
1149 521 1192 569 2,
1215 521 1254 568 9,
1276 521 1308 562 2
1338 518 1606 573 (Pannonias
1634 519 1749 561 rexit
1777 519 1849 563 vit.
1870 522 1909 574 4,
1930 522 1975 571 2,

236 588 333 628 ante
344 583 697 640 proconsulatum
717 584 905 636 Siciliae,
929 586 982 640 cf.
1004 586 1170 641 supra).
1213 587 1423 642 (Legatus
1446 587 1600 643 Syriae
1622 587 1764 630 Victor
1782 586 1903 630 Caes.
1921 590 1974 630 19

245 654 300 709 cf.
327 655 398 697 vit.
430 652 533 696 Did.
562 652 647 696 Iul.
672 655 711 704 5,
743 657 786 704 2,
819 655 994 709 errore).
1055 655 1157 698 Vere
1185 656 1351 698 videtur
1380 657 1513 710 fuisse
1542 657 1776 711 superioris
1811 659 1975 699 tantum

235 721 498 778 Pannoniae:
520 721 694 776 leyatus,
730 735 822 764 cum
853 725 937 765 tres
967 726 1131 766 tantum
1162 724 1343 779 le9iones
1374 725 1572 768 habuerit
1602 724 1707 781 (Dio
1740 728 1804 777 73,
1836 728 1901 776 14,
1933 724 1976 780 3)

236 792 292 846 cf.
322 790 470 833 Fuchs
507 789 754 833 Gesehiehte
785 791 856 833 des
886 792 1071 835 Kaisers
1107 793 1158 835 L.
1191 793 1423 848 Septimius
1454 794 1633 838 Severus
1673 794 1821 849 (Wien
1851 794 1977 850 1884)

239 875 288 915 p.
310 863 340 903 8
357 873 442 914 seq.

324 929 428 972 ‘Ubi
459 927 657 971 auditum
679 934 745 970 est
767 927 1051 972 Commodum
1083 931 1285 987 occisum,
1318 931 1538 974 Iulianum
1569 939 1715 975 autem
1748 947 1845 975 cum
1878 932 1973 976 odio

240 1004 499 1040 cunctorum
539 997 784 1054 imperare‘,
832 999 1067 1055 imperator
1112 1000 1407 1043 consalutatus
1448 1016 1475 1043 a
1512 1001 1724 1044 militibus
1764 1002 1836 1045 vit.
1864 1004 1904 1054 5,
1935 1006 1974 1053 1,

237 1066 326 1110 Dio
350 1070 418 1118 73,
439 1070 509 1117 14,
537 1066 697 1109 Herod.
724 1070 772 1118 2,
795 1070 833 1118 9,
867 1068 983 1124 apud
1010 1068 1285 1111 Carnuntum
1314 1071 1386 1112 vit.
1411 1070 1436 1112 l.
1460 1084 1493 1113 c.
1519 1074 1656 1122 (reete,
1688 1074 1735 1113 ut
1758 1070 1976 1114 ostendunt

234 1136 408 1190 nummi,
440 1136 491 1190 cfi
523 1134 841 1179 Domaseewslci
870 1136 909 1179 d.
937 1136 1121 1180 Fahnen
1150 1139 1208 1180 im
1237 1143 1342 1180 ro'm.
1365 1139 1504 1182 Heere
1526 1154 1573 1194 p.
1595 1142 1651 1182 48
1679 1142 1764 1181 not.
1788 1144 1813 1182 1
1836 1139 1974 1194 extr),

237 1206 298 1247 ‘in
320 1205 573 1247 Pannoniae
595 1204 794 1247 Savaria’
820 1205 964 1248 Victor
986 1207 1083 1261 epit.
1105 1210 1158 1250 19
1190 1208 1252 1262 (in
1285 1207 1414 1264 Syria
1444 1208 1516 1250 vit.
1537 1207 1643 1252 Did.
1665 1208 1750 1251 Iul.
1772 1211 1810 1260 5,
1833 1212 1871 1259 1,
1902 1209 1973 1250 vit.

239 1273 361 1317 Clod.
383 1273 485 1316 Alb.
505 1277 544 1325 1,
567 1276 624 1330 1),
656 1287 794 1316 mense
814 1274 959 1329 April.
985 1275 1049 1318 vel
1073 1276 1199 1327 Mai„
1233 1290 1318 1319 non
1337 1277 1480 1320 idibus
1500 1277 1722 1332 Auyustis,
1753 1280 1802 1320 ut
1824 1277 1977 1332 leyitur

234 1344 306 1388 vit.
327 1347 366 1395 5,
389 1348 429 1387 1.
479 1345 753 1394 Pertinacem
787 1360 831 1387 se
861 1347 1010 1387 vocari
1042 1347 1168 1388 iussit
1187 1347 1260 1389 vit.
1284 1350 1320 1397 7,
1342 1350 1391 1398 9,·
1421 1347 1582 1390 Herod.
1604 1351 1647 1399 2,
1673 1351 1749 1399 10,·
1779 1347 1833 1401 cf.
1866 1346 1970 1389 Vict.

233 1412 354 1456 Caes.
376 1417 448 1457 20.
480 1414 590 1470 Imp.
620 1413 744 1457 Caes.
777 1414 828 1457 L.
860 1414 1096 1471 Septimius
1127 1415 1316 1458 Severus
1347 1416 1559 1459 Pertinax
1589 1416 1814 1472 Augustus
1846 1415 1974 1466 tituli,

235 1483 409 1526 nummi.
448 1481 610 1525 Consul
626 1483 672 1525 II
693 1482 784 1525 ord.
801 1498 839 1525 a.
855 1485 936 1525 194
958 1498 1055 1526 cum
1073 1484 1129 1527 D.
1143 1483 1294 1526 Clodio
1317 1484 1527 1541 Septimio
1545 1484 1705 1527 Albino
1724 1484 1913 1528 Caesare
1930 1485 1974 1527 II

236 1552 356 1605 fasti.
407 1551 524 1594 Divo
550 1551 700 1594 Marco
731 1567 777 1594 se
809 1553 854 1594 in
882 1552 1160 1609 adoptionem
1188 1553 1309 1595 dedit
1327 1554 1400 1596 vit.
1422 1557 1490 1605 10,
1513 1557 1561 1606 6,·
1592 1553 1680 1596 Dio
1704 1557 1768 1604 75,
1793 1557 1831 1596 7.
1863 1557 1928 1605 76,
1949 1557 1975 1596 9

236 1620 300 1672 (id
328 1621 508 1664 evenisse
539 1624 636 1663 ante
666 1622 791 1677 finem
823 1622 930 1664 anni
958 1625 1040 1665 195
1070 1622 1291 1665 ostendunt
1319 1623 1482 1665 nummi
1511 1637 1580 1678 ap.
1610 1623 1773 1665 Eckhel
1805 1626 1841 1673 7,
1871 1625 1976 1674 173,·

240 1690 294 1744 es.
324 1689 394 1733 CI
395 1689 449 1734 G.
470 1693 611 1747 2878).
666 1690 832 1733 Eodem
864 1698 1057 1748 tempore
1079 1692 1184 1733 Pius
1211 1691 1452 1747 appellatus
1473 1691 1590 1733 tituli
1610 1691 1673 1747 (in
1691 1691 1759 1734 his
1777 1691 1826 1734 X
1845 1694 1974 1735 7272.

238 1759 308 1803 CI
308 1759 361 1803 G.
374 1763 501 1803 2878.
518 1762 638 1810 4563,
661 1761 844 1814 fortasse
864 1761 992 1802 etiam
1012 1761 1153 1802 Lebas
1167 1763 1206 1811 3,
1223 1763 1276 1802 87
1276 1764 1303 1802 4
1322 1761 1476 1815 scripti
1495 1763 1592 1803 ante
1611 1761 1738 1816 finem
1755 1761 1860 1803 anni
1874 1762 1953 1803 195
1963 1773 1976 1811 ;

240 1830 289 1873 de
309 1830 495 1872 nummis
515 1830 569 1884 ef.
591 1829 754 1872 Eckhel
775 1832 812 1880 7,
834 1829 951 1883 192).
1004 1828 1168 1872 Consul
1198 1829 1265 1871 ΙΙΙ
1297 1829 1387 1871 ord.
1415 1844 1453 1870 a.
1478 1831 1562 1872 202
1594 1845 1693 1872 cum
1714 1829 1772 1871 M.
1793 1828 1973 1872 Aurelio

238 1900 462 1942 Antonino
494 1898 607 1954 Aug.
645 1897 736 1940 filio
776 1898 895 1952 fasti.
968 1899 1169 1940 Decessit
1209 1913 1320 1940 anno
1363 1900 1438 1940 211
1489 1898 1620 1952 (anno
1661 1899 1831 1955 imperii
1873 1898 1978 1940 duo-

241 1968 503 2011 devicesimo
518 1969 591 2010 vit.
609 1971 675 2018 19,
688 1971 727 2018 1,
749 1966 838 2010 Dio
853 1970 919 2018 76,
937 1969 1001 2018 17,
1026 1967 1371 2022 chronoyraphus
1391 1968 1498 2009 anni
1517 1970 1611 2018 354,
1630 1968 1724 2022 cet.)
1742 1967 1783 2010 d.
1800 1968 1828 2010 4
1843 1967 1976 2010 Febr.

238 2036 326 2080 Dio
351 2040 414 2088 76,
438 2039 502 2092 15,
535 2037 722 2079 Eboraci
754 2037 797 2078 in
824 2037 1054 2079 Britannia
1073 2037 1145 2079 vit.
1169 2040 1236 2087 19,
1262 2041 1297 2086 1,
1330 2036 1432 2080 Vict.
1453 2036 1573 2079 Caes.
1595 2040 1667 2087 20,
1689 2040 1759 2087 27,
1792 2036 1973 2090 Eutrop.

233 2109 273 2157 8,
305 2109 373 2148 19.
402 2131 462 2137 —
489 2106 639 2149 Vitam
670 2121 792 2148 suam
824 2106 997 2162 scripsit
1022 2106 1095 2147 vit.
1125 2108 1164 2156 3,
1197 2109 1241 2148 2.
1273 2107 1341 2155 18,
1374 2108 1412 2156 5,
1447 2105 1549 2148 Vict.
1575 2104 1691 2148 Caes.
1713 2109 1783 2156 20,
1804 2109 1868 2149 22
1899 2107 1974 2147 cet.

237 2175 293 2229 cf.
323 2174 450 2218 Peter
478 2175 574 2220 hist.
606 2175 731 2218 Rom.
763 2175 919 2230 fraym.
943 2189 991 2229 p.
1014 2177 1115 2219 329.

151 2244 233 2286 347
265 2245 472 2299 I(VL1VS)
517 2244 808 2299 A(VREL1VS)
860 2249 1123 2286 SEPTIMIVS
1169 2249 1535 2285 VABALLATHVS
1581 2249 1971 2285 ATHENODORVS.

242 2313 396 2356 Tituli:
421 2313 656 2356 milliarius
677 2314 724 2355 in
745 2313 879 2367 Syria
898 2327 987 2367 rep.
1004 2312 1093 2355 III
1105 2312 1151 2355 S.
1171 2314 1282 2355 6728
1298 2311 1380 2367 (1);
1410 2311 1614 2363 Graecus,
1629 2327 1768 2367 prope
1785 2311 1972 2366 Byblum

234 2397 338 2438 rep„
363 2381 430 2426 CI
430 2381 484 2425 G.
504 2382 698 2437 45031210.
718 2385 825 2424 1174
846 2385 885 2424 et
907 2396 976 2436 ap.
999 2380 1287 2436 Waddinqton
1309 2381 1367 2423 ad
1384 2395 1425 2425 n.
1442 2384 1567 2431 2611,
1590 2380 1639 2423 de
1661 2382 1779 2423 cuius
1802 2380 1975 2423 lectione

237 2454 291 2506 cf.
313 2454 542 2506 praeterea
573 2451 762 2495 chken
790 2465 904 2493 num.
927 2450 1132 2493 Zeitschr.
1154 2453 1218 2500 15,
1245 2452 1355 2493 1887
1375 2464 1424 2504 p.
1445 2453 1528 2492 333
1549 2449 1625 2505 (2).
1680 2450 1859 2493 Nummi
1887 2453 1974 2492 tam

235 2521 389 2563 Latini
416 2519 674 2563 Antiochiae
703 2523 752 2562 ut
780 2519 947 2562 videtur
977 2519 1067 2561 cusi
1094 2518 1258 2573 (Cohcn
1286 2518 1347 2561 ed.
1378 2522 1410 2562 2
1440 2521 1467 2563 t.
1501 2518 1570 2561 VI
1582 2533 1631 2573 p.
1652 2518 1816 2573 226l7),
1848 2533 1974 2573 quam

232 2588 392 2632 Graeci
419 2588 712 2631 Alexandrini
742 2589 959 2643 (Mionnet
989 2587 1057 2630 VI
1071 2602 1117 2642 p.
1140 2589 1234 2638 480,
1264 2587 1403 2642 suppl.
1427 2587 1508 2630 IX
1527 2601 1574 2642 p.
1594 2589 1690 2637 132,
1714 2590 1806 2638 617,
1836 2586 1975 2630 Greek

235 2659 352 2701 coins
380 2658 426 2700 in
457 2657 524 2700 the
544 2657 714 2699 British
737 2656 948 2706 Museum,
980 2654 1254 2698 Alexandria
1275 2669 1324 2709 p.
1343 2658 1427 2698 309
1447 2669 1517 2709 seq
1530 2657 1573 2707 );
1603 2655 1659 2709 cf.
1680 2668 1717 2697 v.
1741 2654 1879 2698 Sallet
1908 2655 1975 2698 die

233 2726 421 2769 Fiirsten
459 2740 540 2769 von
579 2725 789 2780 Palmyra
809 2740 859 2779 p.
886 2728 937 2767 15
966 2738 1048 2778 seq.
1111 2723 1382 2766 Memoratur
1419 2724 1467 2766 in
1497 2737 1669 2779 papyro
1707 2723 1975 2779 Aeyyptiaca

237 2795 402 2839 Graece
431 2796 605 2850 scripta,
640 2809 709 2849 ap.
740 2794 930 2838 W‘ilcken
959 2807 1072 2837 num.
1105 2792 1311 2836 Zeitschr.
1333 2795 1399 2844 15,
1433 2795 1545 2835 1887
1566 2807 1613 2848 p.
1635 2795 1728 2835 331.

323 2865 534 2920 Σεπτίμιος
569 2862 864 2923 Οὐαβάλλαθος
895 2860 1168 2919 Ἀθηνόδωρος
1196 2875 1406 2917 papyrus,
1449 2860 1491 2904 Ἰ.
1524 2859 1573 2904 A.
1605 2862 1651 2904 Σ.
1684 2860 1975 2919 Οὐαβάλλαθος

236 2931 363 2991 nem.
385 2933 548 2976 nummi
566 2932 858 2975 Alexandrini
876 2932 912 2973 ii
930 2932 1004 2985 qui
1021 2931 1068 2973 in
1090 2934 1220 2985 parte
1240 2944 1393 2974 aversa
1413 2934 1542 2986 eaput
1560 2930 1794 2973 Aureliani
1817 2930 1975 2973 habent

236 3003 339 3058 (pro
362 3001 405 3044 Ἰ.
428 3000 478 3044 A.
499 3002 545 3044 Σ.
567 3016 670 3044 raro
692 3000 721 3043 l.
744 3000 807 3052 A.,
837 3003 887 3042 ut
911 3000 956 3042 in
978 3014 1148 3042 nummo
1177 3000 1312 3043 musei
1329 2999 1582 3042 Britannici
1608 3013 1649 3041 n.
1671 3001 1807 3051 2390;
1839 2999 1976 3042 tribus

236 3070 391 3114 litteris
419 3069 448 3115 Ι.
471 3069 522 3113 Α.
544 3071 589 3114 Σ.
621 3069 864 3125 siqnificari
891 3069 1066 3111 nomina
1095 3068 1215 3117 Iulii,
1246 3068 1431 3120 Aurelii,
1466 3069 1677 3123 Septimii,
1710 3068 1838 3110 etiam
1868 3067 1977 3110 alibi

236 3139 467 3194 Palmyrae
506 3138 707 3193 coniunyi
744 3137 891 3192 solita,
929 3137 1036 3180 vidit
1076 3137 1254 3193 Sallet),
1298 3138 1595 3195 Οὐαβοίλλαθος
1626 3134 1779 3194 Ἀθηνο.
1814 3137 1977 3179 nummi

235 3208 530 3251 Alexandrini
567 3221 661 3250 cum
699 3206 788 3249 solo
825 3206 943 3249 illius
984 3207 1134 3261 capite,
1177 3205 1451 3264 Ἀθηνόδωρος
1488 3206 1652 3249 nummi
1685 3205 1977 3248 Alexandrini

237 3277 311 3331 qui
352 3276 470 3319 illius
514 3279 554 3319 et
595 3275 828 3318 Aureliani
867 3275 1012 3330 capita
1055 3275 1100 3317 in
1145 3275 1290 3318 eadem
1320 3279 1452 3330 parte
1496 3275 1722 3318 coniuncta
1766 3273 1973 3325 exhibent,

236 3378 246 3388 .
265 3379 274 3388 .
292 3379 302 3389 .
324 3343 695 3401 [At]henod0[r]us
722 3347 750 3386 t.
772 3347 811 3395 1,
843 3342 1114 3386 Vabalathus
1136 3345 1298 3386 nummi
1317 3344 1470 3387 Latini
1491 3344 1565 3398 qui
1593 3344 1639 3387 in
1661 3345 1793 3397 parte
1824 3356 1974 3385 aversa
