2242 3672
0 3366 19 3672 ffl-''ffff'ffff‘ssfflffff'ssssff'''
0 3317 14 3357 ..4.-
0 3298 5 3302 .
6 3251 12 3254 ,
0 3221 9 3238 ι..
0 3188 4 3205 ἡ.
0 3126 6 3142 s,
0 3102 7 3108 Α.
0 2992 3 3047 .
0 2942 6 2959 u
0 2905 2 2907 ,
0 2837 2 2845 1

172 253 450 294 SVETONIVS
1040 247 1124 292 279
1758 252 1988 291 SVILLIVS

257 390 296 430 et
327 386 518 442 opusculi
557 386 606 428 de
642 387 937 441 ⁸qrammatieis
967 390 1007 430 et
1035 387 1300 439 rhetoribus,·
1330 389 1561 442 praeterea
1590 384 1822 429 Suetonius
1853 385 1990 428 Tran-

254 455 414 513 quillus
439 455 502 498 vel
525 456 758 498 Suetonius
779 455 843 498 vel
863 455 1177 512 Tranquillus),
1212 456 1408 499 Suetonii
1433 456 1570 510 Laeti,
1603 455 1769 498 tribuni
1799 454 1990 510 angusti-

256 525 387 568 clavii
409 540 446 567 a.
469 525 536 579 69,
560 523 675 566 filius
696 526 785 579 ipse
810 524 904 568 Oth.
926 528 982 567 10
1008 525 1152 577 (avum
1172 526 1262 579 iqose
1283 528 1490 568 memorat
1508 524 1609 568 Gai.
1626 524 1710 580 19),
1734 523 1991 567 adulescens

257 593 524 650 temporibus
567 593 805 635 Domitiani
846 594 936 647 ipse
973 593 1076 637 Ner.
1106 597 1172 644 57,
1205 593 1331 638 Dom.
1362 598 1432 638 12.
1493 592 1829 637 Contubernalis
1859 591 1991 635 Plinii

254 663 371 706 Plin.
388 677 451 717 ep.
472 665 510 713 1,
533 665 604 712 24,
626 665 665 712 1,
689 661 747 703 ael
771 662 889 706 Trai.
906 665 971 713 94,
995 664 1117 704 cuius
1140 669 1291 705 extant
1311 662 1366 706 ad
1389 677 1489 705 eum
1511 662 1720 719 epistulae
1741 666 1780 713 1,
1803 664 1869 704 18.
1889 664 1929 712 3,
1950 662 1991 703 8.

254 735 293 784 5,
324 735 390 774 10.
426 735 465 782 9,
499 734 565 774 34.
636 730 928 773 Scholasticus
969 731 1086 775 Plin.
1125 746 1185 785 ep.
1221 735 1259 782 1,
1292 735 1363 783 24,
1394 736 1421 774 4
1461 731 1750 789 (γραμματικὸς
1789 729 1993 787 Ῥωμαῖος

257 801 419 845 Suiclas
436 814 468 843 s.
490 814 527 842 v.
550 799 837 857 Τράγκυλλος).
884 799 1071 843 Causam
1101 800 1291 857 aliquam
1322 807 1498 844 acturus
1531 808 1606 855 est,
1639 815 1768 858 quam
1789 800 1991 842 differen-

255 871 356 913 dam
395 869 478 912 sibi
518 876 663 924 putat,
702 869 869 910 somnio
910 870 1188 925 perterritus,
1233 883 1370 926 eaque
1409 869 1464 911 de
1504 885 1552 911 re
1582 869 1775 912 Plinium
1805 867 1992 911 consulit

252 940 308 982 ib.
337 943 376 990 1,
405 940 472 982 18.
520 937 688 992 Agrum
719 939 912 980 vicinum
943 938 1038 980 urbi
1073 944 1294 994 empturus
1326 944 1391 980 est
1419 939 1477 981 ib.
1509 942 1547 992 1,
1580 941 1651 982 24.
1702 938 1993 980 Tribunatum

254 1009 291 1051 ei
322 1009 524 1064 impetrat
545 1005 713 1048 Plinius
744 1022 770 1049 a
799 1007 978 1049 Neratio
999 1006 1221 1062 Marcello,
1254 1013 1404 1063 postea
1434 1007 1489 1050 ab
1521 1022 1570 1049 eo
1600 1013 1778 1061 rogatus
1808 1005 1993 1049 eundem

257 1078 301 1119 in
333 1076 626 1120 Caesennium
647 1074 872 1118 Silvanum
906 1077 1200 1132 propinquum
1231 1078 1324 1118 eius
1355 1076 1562 1118 transfert
1590 1077 1648 1119 ib.
1670 1080 1710 1127 3,
1733 1079 1774 1118 8.
1822 1076 1994 1132 Scripta

255 1161 334 1189 sua
363 1152 412 1187 ut
442 1144 554 1199 edat,
592 1144 792 1186 hortatur
823 1159 920 1186 eum
951 1144 1120 1187 Plinius
1154 1159 1216 1199 ep.
1247 1146 1286 1195 5,
1317 1148 1385 1188 10.
1437 1146 1536 1201 Ipse
1567 1145 1735 1187 Plinius
1767 1160 1864 1187 eum
1895 1159 1993 1186 con-

256 1214 360 1258 sulit
399 1214 453 1256 de
494 1212 820 1255 recitationibus
861 1214 1100 1255 carminum
1142 1228 1317 1255 suorum
1357 1228 1418 1268 ep.
1459 1217 1497 1264 9,
1538 1217 1604 1257 34.
1679 1213 1791 1256 Cum
1823 1221 1993 1270 ‘parum

253 1284 361 1326 felix
391 1283 714 1326 matrimonium
747 1289 970 1339 expertus'
1002 1288 1124 1336 esset,
1158 1283 1225 1324 ius
1257 1284 1390 1325 trium
1420 1282 1656 1325 liberorum
1688 1284 1727 1325 ei
1758 1298 1784 1325 a
1804 1283 1993 1325 Traiano

253 1355 456 1410 impetrat
498 1351 665 1394 Plinius
707 1351 814 1406 (iam
854 1351 1017 1406 leqatus
1049 1351 1301 1406 Bithyniae)
1342 1351 1464 1394 Plin.
1496 1366 1557 1406 ep.
1591 1352 1649 1394 ael
1683 1352 1802 1394 Trai.
1834 1355 1898 1394 94.
1928 1353 1993 1394 95.

255 1422 483 1465 Hadriano
525 1420 579 1463 ab
620 1419 838 1476 epistulis,
879 1420 1032 1462 eodem
1073 1426 1268 1477 tempore
1299 1435 1382 1477 quo
1426 1420 1644 1477 Septicius
1676 1420 1832 1463 Clarus
1872 1435 1993 1477 prae-

257 1492 396 1534 fectus
427 1490 646 1547 praetorio
674 1490 746 1533 vit.
779 1489 922 1531 Hadr.
954 1493 1019 1540 11,
1051 1492 1091 1531 3.
1143 1490 1197 1531 Ei
1229 1489 1404 1532 dedicat
1433 1490 1549 1532 vitas
1578 1489 1818 1533 Caesarum
1849 1488 1995 1544 [sydus

255 1560 305 1603 de
333 1574 445 1615 may.
477 1562 520 1610 2,
553 1562 579 1601 6
601 1573 650 1614 p.
672 1561 754 1601 171
785 1558 847 1601 eol.
874 1558 1015 1600 Bonn.
1067 1559 1262 1615 Principi
1295 1559 1563 1614 (Hadriano)
1597 1560 1832 1614 imaginem
1862 1573 1993 1614 quen-

255 1629 357 1672 dam
394 1627 607 1685 puerilem
638 1627 827 1682 Augusti
859 1643 885 1669 a
912 1642 958 1669 se
988 1628 1210 1669 inventam
1241 1627 1355 1669 dono
1384 1627 1460 1670 dat
1488 1629 1591 1682 ‘ip-se,
1618 1627 1730 1682 Auq.
1765 1631 1803 1670 7.
1864 1626 1994 1679 Quod

255 1697 373 1755 apud
406 1697 615 1740 Sabinam
643 1711 825 1739 uxorem
857 1696 1073 1738 Hadriani
1104 1695 1361 1738 familiarius
1393 1711 1439 1738 se
1471 1703 1631 1752 egerat,
1670 1696 1925 1738 Hadrianus
1956 1696 1993 1737 ei

255 1781 549 1810 successorem
590 1765 734 1820 dedit,
777 1765 929 1808 eodem
970 1772 1163 1822 tempore
1202 1780 1288 1822 quo
1331 1766 1522 1822 Septicio
1555 1765 1685 1809 Claro
1725 1767 1771 1821 (i.
1804 1780 1841 1807 e.
1881 1779 1994 1807 anno

244 1837 335 1879 ’121
369 1834 441 1877 vel
475 1835 574 1889 122)
604 1835 677 1876 vit.
709 1833 851 1876 Hadr.
885 1837 950 1884 11,
981 1836 1010 1875 3
1051 1834 1124 1888 (ef.
1163 1847 1299 1888 supra
1329 1834 1405 1876 sub
1444 1833 1490 1878 Ο.
1520 1833 1703 1889 Septieio
1742 1833 1908 1888 Claro).
1940 1857 1995 1863 —-

256 1905 318 1948 Ut
366 1906 496 1947 vivus
547 1909 813 1945 memoratur
859 1902 1158 1959 ‘Tranquillus
1210 1909 1371 1944 noster'
1421 1902 1587 1945 Fronto
1633 1917 1696 1957 ep.
1741 1902 1800 1945 ad
1844 1901 1997 1945 Verum

257 1973 329 2016 lib.
351 1973 385 2016 I
408 1973 483 2028 fin.
506 1987 554 2027 p.
587 1975 681 2015 118.
713 1975 794 2015 119
828 1972 979 2014 Naber
1015 1972 1140 2027 (quae
1170 1972 1355 2027 epistula
1384 1972 1551 2015 videtur
1579 1973 1743 2027 seriffia
1774 1986 1886 2014 anno
1917 1974 1996 2013 161

257 2043 322 2085 vel
344 2046 439 2094 162,
472 2042 527 2096 ef.
553 2041 791 2084 Mommsen
813 2041 960 2083 Herm.
982 2043 1023 2092 8,
1046 2044 1158 2093 213;
1189 2044 1371 2084 ceterum
1400 2041 1510 2084 hune
1540 2041 1837 2095 Tranquillum
1865 2041 1997 2096 siqni-

254 2113 382 2168 fieari
394 2123 479 2154 non
494 2112 559 2153 ita
574 2114 731 2153 eertum
748 2110 838 2165 est).
851 2135 908 2140 —-
921 2110 1095 2166 Scripta
1112 2111 1204 2152 eius
1222 2117 1447 2153 enumerat
1459 2110 1617 2153 Suidas
1631 2124 1664 2154 s,
1677 2124 1714 2152 v.
1728 2110 1995 2168 Τράγκυλλος,

256 2183 392 2224 citant
411 2181 578 2224 Fronto
600 2180 658 2222 ad
677 2194 760 2225 am.
787 2183 827 2231 1,
848 2183 902 2222 13
921 2194 970 2234 p.
993 2181 1084 2222 182
1116 2179 1279 2230 Naber,
1320 2179 1486 2222 Gellius
1506 2183 1545 2230 9,
1571 2183 1607 2230 7,
1629 2182 1668 2230 3,
1707 2178 1997 2221 Tertullianus

259 2249 308 2293 de
338 2251 486 2293 anima
515 2251 586 2300 44,
629 2249 678 2291 cle
712 2252 891 2303 spectac.
924 2263 958 2291 c.
989 2252 1029 2300 5,
1063 2247 1318 2291 Censorinus
1357 2252 1430 2299 20,
1469 2252 1512 2300 2,
1556 2248 1705 2291 deinde
1745 2247 1827 2290 alii
1851 2247 1999 2298 multi,·

257 2322 403 2362 extant
430 2318 665 2362 Caesarum
694 2319 807 2360 vitae
825 2331 966 2372 paene
995 2318 1200 2371 inteqrae,
1232 2318 1422 2360 virorum
1452 2317 1686 2359 illustrium
1717 2317 1863 2371 capita
1892 2330 1996 2358 non-

257 2388 392 2439 nulla,
425 2402 476 2431 ex
511 2387 612 2430 aliis
644 2386 821 2440 denique
852 2390 1051 2440 excerpta
1084 2386 1293 2440 quaedam
1321 2386 1385 2429 vel
1415 2389 1587 2429 enotata
1618 2387 1690 2442 (ef.
1726 2385 1771 2430 C.
1804 2386 1852 2427 L.
1882 2384 1998 2426 Roth

257 2458 306 2499 in
335 2456 517 2499 editione
548 2455 744 2499 Suetonii
764 2470 813 2510 p.
835 2458 922 2499 275
946 2469 1054 2510 seq.‚·
1090 2454 1404 2507 Reifferscheid
1440 2454 1485 2497 O.
1526 2455 1722 2498 Suetonii
1755 2453 2000 2508 Tranquilli

256 2525 476 2580 reliquiae,
507 2525 626 2580 Liqos.
659 2527 790 2576 1860,·
822 2524 993 2568 Sanane
1023 2524 1171 2567 Herm.
1202 2524 1282 2567 vol.
1312 2528 1379 2575 30,
1415 2527 1521 2568 1895
1543 2539 1592 2579 p.
1613 2527 1696 2567 401
1716 2523 1831 2579 seq).

174 2607 258 2649 696
289 2606 452 2650 Suetrii
493 2605 673 2660 (fratres
709 2608 758 2648 ut
795 2605 962 2648 videtur
993 2620 1043 2648 ex
1074 2605 1194 2648 domo
1234 2605 1411 2660 nobili):
1455 2605 1671 2661 [duor]um
1701 2603 1998 2647 Suaetriorum

260 2675 407 2731 fistula
428 2675 634 2729 plumbea
660 2675 834 2717 urbana
865 2675 1006 2730 (semel
1036 2688 1144 2717 saee.
1178 2674 1333 2717 XVII
1356 2674 1586 2730 desorata)
1620 2689 1689 2728 ap.
1712 2673 2000 2716 Laneianium

259 2743 352 2799 syll.
386 2758 452 2798 aq.
483 2758 526 2787 n.
550 2747 643 2788 176.

186 2848 245 2855 —
290 2830 332 2867 O.
364 2830 611 2866 OCTAVIVS
637 2831 812 2867 APPIVS
848 2830 1091 2867 SVETRIVS
1124 2830 1347 2866 SABINVS.

174 2904 256 2948 697
291 2904 553 2959 SVFENA(S)
573 2910 738 2947 VERVS
774 2905 985 2962 (Σουφήνα
1017 2904 1171 2962 Οὐῆρος
1199 2904 1350 2947 lectum
1380 2907 1441 2946 est
1471 2904 1604 2946 altero
1637 2903 1738 2953 loeo,
1771 2903 1913 2958 Σουφα
1932 2934 1942 2943 .
1960 2933 1998 2943 ..

229 2973 448 3031 ,Οὖ[ἧ]ρος
478 2973 632 3028 altero)
672 2973 841 3029 legatus
882 2988 1028 3030 propr.
1059 2974 1227 3030 Lyciae
1262 2980 1306 3016 et
1336 2972 1622 3030 Pamphyliae
1665 2971 1744 3013 sub
1778 2970 2000 3012 Hadriano

262 3043 368 3096 (non
399 3048 497 3099 post
526 3057 687 3085 annum
713 3042 860 3097 132s3)
891 3043 1190 3097 inscriptiones
1219 3042 1425 3085 mausolei
1454 3042 1694 3096 Opramoae
1724 3037 2001 3092 Rhodiapoli-

262 3111 358 3153 tani
374 3110 533 3154 Reisen
552 3111 599 3154 in
618 3112 782 3166 Isylcien
803 3126 852 3166 p.
873 3113 941 3154 88.
965 3114 1056 3155 105.
1080 3114 1162 3153 106
1193 3111 1254 3154 Vs
1282 3111 1352 3154 VI
1354 3119 1368 3137 ‘³
1389 3111 1443 3164 ef.
1466 3111 1619 3164 Loewy
1643 3109 1699 3151 ib.
1721 3122 1769 3162 p.
1789 3110 1885 3150 126.
1909 3109 2000 3150 133.

176 3190 260 3233 698
294 3197 520 3234 SVILLIVS
553 3198 867 3234 CAESONINVS
901 3192 1100 3234 conscius
1139 3191 1403 3246 flagitiorum
1435 3189 1732 3241 Messallinae3
1775 3188 1814 3229 ei
1856 3193 2000 3229 tamen

260 3274 287 3301 a
317 3258 500 3302 Claudio
542 3275 657 3302 mors
700 3262 880 3303 remissa
916 3276 954 3303 a.
986 3261 1042 3303 48
1084 3267 1263 3316 propter
1293 3261 1401 3301 vitia
1433 3260 1693 3313 (‘tamquam
1731 3257 1775 3298 in
1813 3255 1884 3297 illo
1915 3254 2000 3297 foe-

262 3327 438 3370 dissimo
480 3335 698 3372 conventu
737 3345 891 3386 passus
931 3328 1199 3383 muliebria‘)
1237 3328 1336 3372 Tae.
1369 3342 1408 3371 a.
1441 3331 1506 3377 11,
1538 3330 1604 3368 36.
1668 3324 1843 3367 Videtur
1871 3324 2002 3377 fuisse
