2242 3672
174 261 426 299 VALERIVS
1045 257 1130 301 375
1746 267 1999 306 VALERIVS

261 394 311 437 cle
350 394 504 437 litteris
542 394 835 449 sinyularibus
873 395 1124 450 inscriptum
1158 403 1170 418 ‘
1185 396 1349 439 Valerii
1376 397 1515 440 Probi
1552 397 1601 440 de
1634 399 1745 441 iuris
1781 402 1996 443 notarwm'

260 462 477 519 (Gramm.
500 464 600 506 Lat.
621 463 684 506 ed.
708 464 812 506 Keil
836 463 917 507 IV
929 479 978 519 p.
999 467 1085 508 271
1105 465 1219 519 369.),
1250 466 1362 520 quod
1389 481 1410 508 e
1439 466 1578 509 Probi
1605 470 2000 512 commentationum

260 532 409 586 aliqua
427 532 642 575 sublatum
655 536 787 587 putat
808 533 1046 576 Mommsen
1067 534 1122 589 (l.
1146 549 1179 578 c.
1194 549 1241 589 p.
1259 535 1375 589 267),
1409 539 1554 578 extant
1585 537 1719 580 libelli
1742 537 1998 582 libellorum-

257 615 335 655 que
355 602 599 656 fraymenta
630 601 688 643 ad
718 605 854 644 artem
880 604 1208 656 yrammaticam
1229 605 1496 658 pertinentia
1525 606 1734 660 inscripta
1759 607 1825 650 ‘ole
1856 608 1998 651 catho-

257 670 351 712 licis
388 670 554 721 Probi’,
610 670 762 713 ‘Probi
804 671 1002 714 instituta
1050 673 1240 724 artium’,
1289 672 1574 725 ‘differentiae
1620 674 1760 718 Probi
1805 675 1996 728 Valerii',

253 738 445 781 ‘Valerii
472 739 610 781 Probi
639 739 688 782 ole
716 740 900 782 nomine‘
936 739 1154 791 (Gramm.
1174 742 1273 784 Lat.
1295 742 1375 785 IV
1387 758 1436 797 p.
1466 747 1493 785 1
1512 756 1594 797 369.
1625 746 1679 787 45
1698 758 1778 798 369.
1811 748 1893 788 199
1914 759 1994 800 369.

254 810 339 851 205
370 807 483 862 369.),
520 822 630 861 quae
660 823 711 851 eoe
741 812 872 863 parte
902 813 1011 851 certe
1042 810 1235 853 derivata
1266 825 1352 853 esse
1382 826 1432 854 ex
1462 811 1599 854 Probi
1627 812 1799 868 Berytii
1826 814 1998 869 scriptis

246 880 377 932 putat
408 877 513 919 Keil
544 877 570 919 l.
604 891 637 919 c.
663 892 710 931 p.
733 877 906 920 XXVI
918 892 1000 932 seq.
1033 880 1088 932 cf.
1121 880 1154 921 I
1168 894 1216 933 Ρ.
1238 880 1367 922 LIII
1370 893 1383 931 ;
1422 883 1538 922 extat
1562 881 1752 924 ‘Valerii
1780 881 1919 924 Probi
1949 883 1997 925 in

254 944 465 988 Bucolica
494 948 534 988 et
561 945 775 1000 Georyica
812 946 990 1001 Veryilii
1018 948 1399 991 commentariolus‘
1435 949 1512 1004 (sic
1548 949 1637 992 cod.
1667 949 1845 1005 Paris),
1877 965 1997 1005 quem

253 1014 315 1057 ed.
350 1014 454 1056 Keil
490 1029 529 1058 a.
562 1017 696 1065 1848,
740 1029 880 1069 quem,
923 1030 1177 1070 quamquam
1217 1032 1267 1059 ex
1311 1017 1411 1060 aliis
1450 1018 1640 1071 fontibus
1680 1019 1992 1075 interpolatum,

253 1086 394 1126 tamen
423 1097 509 1126 non
529 1083 665 1137 plane
697 1084 883 1126 alienum
914 1098 1000 1127 esse
1026 1099 1053 1126 a
1074 1085 1215 1128 Probo
1236 1086 1412 1140 Berytio
1442 1087 1595 1128 statuit
1616 1087 1808 1130 Ribbeck
1828 1088 1994 1143 proleg.

251 1151 310 1195 acl
350 1151 529 1207 Veryilii
567 1166 698 1206 opera
729 1167 776 1207 p.
807 1156 888 1195 163
895 1167 909 1204 ;
958 1157 1074 1196 extat
1113 1154 1257 1196 Persii
1291 1155 1381 1197 vita
1414 1155 1480 1197 ‘cle
1519 1157 1819 1198 commentario
1858 1156 1996 1199 Probi

251 1220 416 1264 Valerii
457 1220 645 1263 sublata‘
680 1221 819 1276 (Jahn
859 1222 906 1263 in
947 1222 1010 1264 ed.
1051 1222 1194 1264 Persii
1232 1238 1270 1266 a.
1294 1226 1425 1277 ,1843
1454 1238 1502 1278 p.
1532 1227 1619 1267 233
1647 1238 1729 1278 369.
1769 1226 1823 1278 cf.
1848 1229 1992 1280 praef.

248 1304 296 1345 p.
323 1289 410 1340 GL,
438 1288 750 1341 Reifferscheid
769 1290 882 1333 Suet.
903 1291 1023 1345 reliq.
1047 1307 1095 1346 10.
1115 1295 1172 1334 72
1187 1306 1268 1345 369.
1302 1294 1357 1346 cf.
1373 1307 1421 1347 p.
1438 1292 1561 1347 394);
1593 1293 1768 1346 denique
1788 1308 1839 1336 ex
1858 1294 1996 1336 Probi

245 1359 522 1414 yrammatici
568 1360 615 1401 in
654 1359 899 1402 Iuvenalem
944 1362 1256 1403 commentariis
1294 1360 1458 1403 scholia
1495 1363 1541 1404 in
1579 1362 1822 1405 Iuvenalem
1862 1356 2041 1406 edidit*

250 1426 305 1472 G.
350 1427 496 1477 Valla,
536 1428 610 1469 secl
647 1441 716 1470 eos
756 1442 899 1470 errore
939 1429 1088 1471 Vallae
1127 1429 1270 1472 Probo
1310 1431 1539 1472 attributos
1579 1444 1663 1473 6336
1700 1434 1831 1485 ‘putat
1870 1431 1993 1474 Jahn

249 1497 394 1551 praef.
416 1497 463 1538 in
485 1496 683 1539 Persium
714 1497 791 1552 (ed.
818 1511 857 1539 a.
880 1500 1005 1552 1843)
1026 1513 1074 1552 p.
1099 1497 1284 1541 CLVII.
1344 1498 1541 1541 Fuerunt
1561 1500 1635 1553 qui
1653 1499 1756 1542 haec
1776 1500 1834 1542 ad
1851 1514 1992 1543 recen-

247 1566 394 1608 tiorem
425 1565 608 1619 aliquem
621 1565 821 1608 'Probu'm
840 1566 1094 1617 rettulerint,
1117 1568 1191 1621 qui
1207 1568 1361 1610 vixisse
1379 1571 1564 1622 putatur
1583 1582 1691 1612 saec.
1712 1583 1760 1622 p.
1784 1567 1889 1611 Chr.
1906 1570 1935 1611 1
1945 1569 1990 1611 V.

244 1634 452 1677 Fortasse
467 1633 605 1676 Probi
630 1649 782 1677 nomen
810 1638 949 1677 aetate
978 1635 1145 1678 labente
1167 1637 1486 1690 praescriptum
1518 1637 1672 1679 libellis
1697 1639 1994 1692 yranimati'cis

246 1717 276 1746 a
304 1703 449 1746 Probo
481 1703 646 1746 alienis.
699 1703 764 1757 Cf.
793 1703 955 1755 Teuffel
984 1705 1071 1746 Lit.
1105 1719 1138 1747 c.
1164 1709 1262 1755 300,
1291 1708 1319 1746 7
1348 1705 1427 1760 (ecl.
1449 1704 1504 1758 5),
1539 1709 1771 1759 praeterea
1796 1705 1993 1749 Froehde

244 1771 403 1815 Jahrb.
427 1773 460 1826 f.
484 1771 606 1816 clasS.
628 1771 743 1815 Phil.
765 1773 902 1827 suppl.
924 1773 1105 1816 XVIII
1117 1776 1226 1816 1891
1252 1788 1302 1828 p.
1325 1778 1416 1824 611,
1448 1774 1576 1816 XIX
1605 1777 1712 1816 1893
1734 1789 1782 1829 p.
1806 1777 1887 1817 159
1907 1789 1990 1829 369.

164 1841 246 1884 118
276 1841 481 1885 Valerius
499 1841 711 1884 Proculus
734 1842 811 1897 (sic
826 1841 1002 1893 Donat„
1023 1842 1237 1885 Proculus
1249 1843 1413 1898 Prob),
1438 1843 1572 1885 frater
1593 1844 1789 1885 uterinus
1807 1843 1991 1898 Vergilii

246 1910 325 1966 (sic
343 1910 521 1961 Donat„
552 1911 688 1953 frater
707 1911 851 1953 minor
872 1911 1033 1966 Prob),
1068 1912 1192 1954 heres
1219 1912 1274 1954 ab
1299 1927 1348 1954 eo
1378 1927 1434 1954 ex
1455 1912 1637 1954 dimidia
1662 1918 1785 1969 parte
1815 1912 1990 1955 relictus

246 1978 416 2022 Donati
435 1993 543 2033 quae
554 1982 742 2034 putatur
761 1981 851 2022 vita
873 1981 1051 2035 Veryilii
1066 1981 1195 2036 (Suet.
1213 1981 1419 2035 reliquiae
1434 1984 1549 2035 1263
1570 1981 1631 2024 ecl.
1649 1980 1988 2032 Reifferscheid),

243 2048 443 2091 similiter
485 2048 622 2091 Probi
670 2050 744 2103 qui
789 2049 947 2091 (licitur
993 2053 1263 2092 commentar.
1307 2050 1365 2091 acl
1405 2049 1582 2104 Veryilii
1626 2051 1716 2092 buc.
1763 2052 1803 2091 et
1847 2064 1988 2105 yeory.

247 2117 320 2173 (ib.
345 2132 393 2171 p.
413 2116 498 2171 53).

163 2186 244 2229 119
273 2186 326 2229 L.
347 2185 550 2229 Valerius
571 2186 795 2229 Proculus
843 2188 886 2231 T.
910 2188 1210 2230 IlIalacitanus
1226 2188 1287 2230 II
1301 2190 1411 2230 1970
1430 2201 1516 2229 non
1537 2188 1637 2229 bene
1658 2187 1893 2242 descriptus
1916 2189 1987 2244 (1).

246 2255 517 2298 Memoratur
535 2256 582 2297 in
604 2259 632 2297 t.
653 2256 821 2298 urbano
854 2256 921 2299 VI
934 2260 1048 2299 1002
1069 2256 1145 2312 (2),
1178 2257 1224 2298 in
1247 2256 1522 2298 Malacitano
1545 2256 1694 2297 uxoris
1715 2255 1776 2297 II
1789 2258 1896 2297 1971
1917 2259 1986 2311 (3),

245 2322 293 2364 in
313 2322 594 2364 Praenestino
623 2322 779 2376 fratris
806 2322 886 2365 XI
893 2323 934 2364 V
944 2326 1061 2366 2957
1078 2322 1152 2378 (4).
1195 2322 1395 2377 Papyrus
1415 2322 1683 2377 Aeyyptiaca
1712 2338 1822 2366 nunc
1852 2324 1987 2367 Bero-

246 2389 432 2441 linensiS,
464 2390 563 2435 Urk.
597 2405 675 2433 aus
707 2391 745 2434 d.
778 2392 817 2434 lc.
851 2392 967 2435 Mus.
1001 2393 1034 2434 I
1057 2407 1097 2434 n.
1119 2394 1217 2435 288.

332 2459 384 2501 L.
416 2458 620 2502 Valerius
664 2460 876 2502 Proculus
918 2464 945 2503 t.
978 2465 1015 2503 1.
1048 2465 1100 2511 2,
1144 2460 1356 2503 Proculus
1388 2464 1415 2503 t.
1446 2464 1495 2510 4,
1540 2493 1575 2502 ..
1595 2493 1603 2502 .
1623 2464 1745 2508 ,κλος
1775 2476 1983 2516 papyrus.

245 2527 297 2570 L.
331 2527 359 2571 f.
392 2530 420 2569 t.
453 2532 477 2569 1
516 2528 570 2581 ef.
604 2531 631 2571 t.
662 2533 702 2570 4.
773 2528 913 2572 Tribu
954 2530 1079 2583 Quir.
1119 2533 1147 2571 t.
1178 2533 1203 2571 1
1244 2530 1298 2582 cf.
1333 2532 1360 2570 t.
1391 2532 1430 2570 4.
1502 2528 1755 2571 Praefectus
1795 2530 1984 2572 cohortis

246 2602 429 2653 quartae
459 2595 678 2639 Thracum
712 2598 934 2653 Syriacae,
969 2598 1170 2640 tribunus
1201 2597 1385 2653 legionis
1416 2598 1504 2639 VII
1535 2597 1768 2652 Claudiae,
1804 2631 1982 2653 .......

245 2665 490 2721 praefectus
518 2665 668 2708 elassis
691 2666 1020 2709 Alexandrinae
1054 2674 1096 2710 et
1124 2666 1548 2723 potamophylaciae‚
1581 2674 1838 2723 procurator
1867 2666 1980 2722 Aug.

244 2733 422 2790 Alpium
453 2735 792 2790 maritimarum,
834 2736 1073 2779 delectator
1103 2735 1218 2791 Aug.
1249 2751 1360 2792 prov
1363 2768 1507 2788 ......
1543 2735 1691 2792 [proc]
1731 2737 1983 2792 provinciae

242 2804 402 2845 veteris
433 2804 512 2857 (sic
542 2805 837 2859 apoyraplium
867 2806 1208 2860 antiquissimum
1243 2808 1283 2847 et
1313 2805 1632 2859 plenissimam,-
1670 2806 1716 2846 in
1756 2805 1841 2846 alio
1882 2820 1982 2859 apo-

239 2871 406 2926 9rapko
433 2872 516 2926 fide
547 2872 674 2928 di'yno
705 2877 766 2916 est
795 2873 969 2928 ulteris3
1000 2876 1206 2929 fortasse:
1238 2873 1472 2927 ulterioris)
1504 2874 1743 2929 Hispaniae
1764 2874 1978 2927 Baeticae,

242 2955 359 2997 proc.
397 2942 595 2995 provinc.
627 2941 779 2999 Ca[pp.
811 2942 994 2998 Paflan.
1028 2942 1124 2987 Gal.
1158 2942 1350 2997 (Cartag.
1385 2941 1481 2984 Gal.
1516 2941 1716 2992 traditur,
1749 2941 1982 2984 emendavit

244 3009 474 3064 Momrns),
507 3025 622 3066 proc.
644 3011 897 3067 provinciae
918 3011 1061 3067 Asiae,
1094 3027 1211 3068 proc.
1244 3011 1570 3067 provinciarum
1603 3011 1733 3051 trium
1767 3009 1981 3066 [Galliam]

242 3082 269 3121 t.
292 3083 329 3121 1.
372 3080 625 3122 Praefectus
647 3095 845 3123 annonae
867 3097 903 3123 a.
925 3082 1006 3123 144
1030 3085 1056 3123 t.
1079 3084 1121 3124 2.
1162 3080 1415 3123 Praefectus
1436 3079 1627 3135 Aegypti
1650 3082 1677 3122 t.
1698 3082 1750 3129 3;
1771 3093 1979 3134 papyrus,

241 3147 321 3189 sub
353 3147 577 3191 Antonino
599 3149 682 3192 Pio
703 3163 913 3204 papyrus.
961 3150 1252 3193 Successorem
1278 3150 1410 3203 fuisse
1434 3149 1498 3190 M.
1526 3147 1724 3190 Petronii
1747 3147 1977 3199 Honorati,

239 3216 326 3270 ipsi
363 3218 609 3260 successisse
643 3219 694 3260 L.
734 3219 985 3261 Munatium
1025 3218 1213 3260 Felicem
1245 3217 1533 3272 probabiliter
1571 3219 1705 3258 censet
1743 3215 1795 3260 P.
1829 3217 1980 3272 Meyer

239 3285 387 3330 Herm.
409 3289 471 3329 32
493 3301 540 3340 p.
562 3289 668 3330 222.
714 3287 931 3339 Patronus
956 3288 1017 3329 rei
1046 3302 1085 3343 p.
1108 3286 1468 3328 Malacitanorum
1500 3287 1526 3328 t.
1549 3287 1587 3328 1.
1631 3284 1778 3327 Uxor:
1804 3284 1979 3328 Valeria

241 3353 414 3397 Lucilla
444 3357 473 3397 t.
503 3358 542 3400 3.
598 3355 776 3400 Frater:
808 3355 858 3399 O.
880 3355 1084 3399 Valerius
1114 3354 1319 3398 Florinus
1351 3357 1376 3396 t.
1407 3357 1446 3396 4.
