2242 3672
298 249 543 289 VESTALIS
1164 243 1248 286 408
1863 246 2108 286 VESTINVS

383 383 593 439 [Mathua
634 386 661 424 t.
693 385 719 424 1
761 378 1065 435 (supplementa
1105 378 1403 429 thannsz'i,
1443 378 1519 421 sed
1555 392 1641 421 non
1674 381 1814 430 oerta;
1850 382 1955 422 nota
1994 379 2111 422 titali

383 453 517 508 fracti
560 464 690 493 unum
731 452 895 491 tantum
935 447 1228 502 apoyrapkum
1268 449 1443 502 extare).
1515 446 1629 502 Co[s.
1671 446 1829 502 desig„
1870 446 1954 502 leg.
1990 448 2106 504 Aug.

384 536 461 579 pro
492 536 557 577 pr.
589 519 671 574 leg.
704 518 773 560 ΙΙΙ
798 516 929 571 Aug]
963 519 991 558 t.
1012 520 1038 558 1
1069 515 1293 570 (supplevit
1323 515 1592 570 Witmanns).
1634 514 1885 559 Consularis
1910 516 1982 561 vit.
2002 515 2107 560 Did.

381 590 465 634 Iul.
496 591 535 639 5,
565 592 604 631 6.
666 586 993 641 Co(n)s(ularis)
1023 585 1264 627 Daciarum
1296 585 1378 628 sub
1411 584 1670 640 Commodo,
1712 586 1826 628 inter
1858 599 1995 628 annos
2027 585 2109 628 183

380 665 423 700 et
445 658 525 700 185
557 660 585 701 t.
608 660 639 699 2
670 654 848 710 (tempas
874 654 1063 709 definivit
1082 653 1343 709 Boryhesz'ns
1369 667 1463 708 opp.
1487 655 1516 695 8
1535 668 1584 708 p.
1607 654 1705 704 475,
1735 652 1834 696 inde
1855 652 1967 708 qnod
1986 652 2108 697 Com·-

379 726 526 769 modus
564 724 673 767 Pius
713 723 967 779 appellatur,
1007 736 1093 765 non
1133 722 1376 777 appellatur
1415 721 1574 779 Felix).
1644 721 1886 766 Proeonsul
1929 721 2108 765 Africae

385 793 555 838 Tertull.
578 792 636 835 ad
655 792 785 847 Scap.
807 795 834 834 4
865 790 1177 846 (proconsulem
1203 791 1334 845 fnisse
1363 791 1440 833 snb
1470 790 1598 846 finem
1625 790 1797 845 imperii
1815 788 2110 834 Commodiani

379 864 617 904 statuerant
643 861 781 903 Tz’ssot
808 861 942 914 fastes
963 874 1011 914 p.
1035 862 1124 902 127
1141 862 1181 902 et
1200 858 1245 901 J.
1270 858 1463 902 Schmidt
1481 872 1587 902 mus.
1608 858 1743 902 Rhen.
1765 861 1832 910 46,
1854 861 1964 903 1891
1975 873 2024 915 p.
2039 861 2106 912 94,

376 944 477 973 nam
505 930 581 972 sub
605 929 757 973 Severo
787 929 858 971 vix
886 928 985 984 fieri
1003 928 1199 983 potuisse
1227 931 1276 970 ut
1305 929 1346 970 ei
1365 928 1592 983 provincia
1613 927 1933 982 permitteretwr
1951 928 2107 984 quippe

381 999 626 1041 adversario
646 998 928 1052 imperatoris,
951 997 1006 1050 of.
1028 1010 1135 1051 quae
1157 996 1418 1051 sequuntur).
1449 995 1663 1039 Militibus
1683 997 1852 1039 invisus
1872 995 1927 1039 ob
1946 996 2104 1040 durum

379 1073 422 1109 et
443 1067 663 1110 sordidum
684 1067 914 1123 imperium
934 1066 1005 1110 vit.
1023 1064 1128 1108 Did.
1146 1065 1231 1108 Iul.
1255 1065 1282 1108 l.
1304 1079 1359 1117 o.,·
1380 1066 1435 1121 of.
1452 1065 1540 1108 Dio
1562 1068 1628 1116 78,
1650 1068 1706 1108 17
1720 1079 1805 1108 exo.
1827 1065 1919 1108 Val.
1950 1066 2004 1110 A.
2027 1066 2106 1110 193

379 1136 491 1178 inter
529 1134 692 1190 legatos
722 1135 876 1176 missos
906 1149 932 1176 a
964 1140 1113 1176 senatu
1141 1133 1196 1176 ad
1227 1133 1403 1188 milites,
1442 1135 1517 1190 qui
1554 1133 1805 1189 suaderent,
1838 1141 1887 1177 ut
1915 1134 2106 1178 Severus

378 1203 682 1260 repudiaretur
711 1203 782 1245 vit.
812 1202 917 1245 Did.
948 1202 1033 1245 Iul.
1066 1202 1094 1244 l.
1127 1215 1160 1244 o.
1216 1201 1258 1244 A
1286 1201 1497 1245 militibus
1527 1217 1666 1259 paene
1697 1203 1863 1246 occisus
1891 1202 1982 1247 Dio
2011 1203 2038 1249 l.
2070 1217 2104 1248 o.

294 1274 377 1316 302
407 1271 617 1328 Vestalis,
659 1272 831 1327 Donni,
874 1272 988 1326 regis
1020 1270 1190 1327 Alpini,
1231 1270 1346 1313 filius
1384 1270 1455 1313 vel
1497 1286 1631 1329 nepos
1670 1271 1742 1314 vel
1778 1277 1895 1314 certe
1926 1287 1982 1315 ex
2011 1274 2104 1316 eius

380 1342 513 1397 stirpe
542 1341 807 1397 (‘progenies
835 1339 912 1382 alti
942 1339 1178 1382 fortissima
1198 1339 1378 1395 Do[n]ni
1408 1339 1527 1383 ovid.
1555 1354 1593 1385 v.
1613 1343 1683 1395 29,
1714 1339 1904 1397 ‘Alpinis
1933 1341 2105 1384 iuvenis

379 1409 554 1464 regibus
585 1416 691 1452 orte’
725 1410 783 1452 ib.
813 1423 849 1454 v.
882 1410 938 1464 6),
970 1410 1137 1466 primus
1167 1408 1281 1466 pilus
1312 1408 1431 1453 Ovid.
1463 1424 1514 1452 ex
1541 1408 1594 1454 P.
1621 1413 1661 1460 4,
1686 1412 1726 1460 7,
1748 1411 1814 1453 15.
1834 1412 1902 1461 49,
1934 1409 2107 1454 fortiter

379 1485 565 1535 pugnat,
600 1478 709 1520 duee
740 1477 940 1532 Vitellio,
974 1483 1126 1520 eontra
1155 1477 1388 1533 barbaros,
1431 1479 1506 1534 qui
1537 1477 1730 1534 Aegison
1761 1477 1969 1536 oppidum
1999 1479 2106 1535 (non

378 1547 506 1602 longe
542 1547 597 1590 ab
632 1548 749 1601 ostiis
779 1547 973 1589 Danuvii
1004 1546 1153 1601 situm)
1184 1553 1389 1603 ceperant
1429 1553 1471 1589 et
1510 1546 1767 1604 diruperant
1803 1548 1862 1592 ib.
1892 1561 1930 1593 v.
1959 1551 2107 1592 21-54

379 1616 450 1671 (of.
473 1630 523 1659 ex
542 1615 591 1657 P.
615 1619 652 1666 1,
678 1617 718 1666 8,
741 1615 820 1670 15),
854 1615 1106 1658 vulneratus
1137 1630 1310 1672 quoque
1341 1617 1387 1658 in
1418 1630 1469 1657 ea
1498 1629 1647 1672 pugna
1675 1616 1732 1660 ib.
1759 1630 1796 1658 v.
1816 1619 1870 1660 39
1899 1617 1954 1671 of.
1980 1631 2018 1660 v.
2038 1619 2105 1662 13.

378 1685 533 1727 Postea
561 1686 716 1726 missus
745 1685 789 1726 in
821 1699 939 1727 oram
971 1685 1099 1727 Ponti
1130 1685 1364 1739 (Euxinas
1385 1684 1440 1726 ad
1470 1684 1660 1740 undas'),
1697 1691 1746 1728 ut
1774 1686 1872 1728 iura
1901 1685 2106 1729 redderet

377 1753 435 1795 ib.
465 1767 502 1795 v.
533 1756 572 1795 1.
603 1757 646 1797 2.
707 1753 831 1795 Tune
862 1753 918 1796 ad
948 1768 1045 1796 eum
1078 1753 1199 1796 dedit
1227 1753 1415 1796 Ovidius
1446 1767 1497 1796 eoe
1525 1753 1577 1796 P.
1607 1757 1647 1804 4,
1678 1757 1716 1796 7.
1794 1788 1797 1792 ,

309 1846 366 1851 —-
411 1827 450 1863 C.
485 1827 696 1864 CLODIVS
728 1828 986 1865 VESTALIS.

309 1914 367 1921 —-
409 1889 573 1932 Fabius
602 1890 804 1934 Vestalis.

297 1959 380 2000 303
412 1957 677 2001 *Vestilius:
719 1960 902 2013 fortasse
933 1960 986 2002 ab
1017 1959 1094 2002 hoo
1125 1959 1366 2015 appellatae
1404 1959 1532 2002 aedes
1572 1959 1839 2002 Vestilianae
1878 1960 1924 2002 in
1962 1967 2107 2005 monte

383 2025 529 2069 Caelio
561 2028 648 2082 (vit.
678 2028 849 2079 Gomm„
884 2028 1052 2084 Notat),
1091 2029 1136 2070 in
1167 2028 1327 2085 quibus
1358 2029 1524 2071 occisus
1556 2034 1622 2071 est
1651 2027 1936 2072 Commodus:
1977 2029 2107 2072 aedes

383 2095 652 2138 Vectilianae
672 2097 743 2139 vit.
771 2096 928 2141 Comm.
953 2100 1018 2148 16,
1046 2097 1118 2139 vit.
1141 2097 1257 2140 Pert.
1278 2100 1317 2148 5,
1340 2097 1492 2139 domus
1509 2096 1746 2139 Victiliana
1764 2097 2108 2153 chronographus

386 2165 491 2206 anni
525 2166 605 2207 354
645 2179 713 2219 ap.
756 2166 953 2208 Momms.
997 2165 1138 2208 chron.
1179 2167 1280 2208 min.
1311 2167 1346 2209 I
1364 2181 1411 2221 p.
1440 2170 1533 2217 147,
1566 2165 1802 2208 Vietiliana
1839 2165 1976 2211 Notit.
2014 2168 2108 2211 urb.

383 2246 466 2286 req.
496 2232 562 2283 ΙΙ,
594 2233 745 2276 domus
776 2233 1006 2276 Vestiliani
1037 2234 1323 2289 Hieronymus
1354 2235 1496 2277 chron.
1529 2234 1588 2277 ad
1617 2249 1657 2279 a.
1681 2236 1813 2285 2208,
1848 2234 1960 2278 unde
1989 2234 2108 2279 Oros.

386 2304 422 2351 7,
447 2304 512 2351 16,
541 2305 580 2352 4,
614 2301 820 2358 palatium
850 2303 1074 2345 Bestiliani
1105 2305 1291 2358 refertar
1321 2318 1372 2346 eso
1400 2304 1581 2347 Eusebii
1608 2304 1797 2346 versione
1825 2303 2112 2357 Armeniaoa5

386 2370 487 2412 οἰκία
518 2368 737 2414 Rasum&
768 2376 980 2429 συγγενοῦς
1009 2373 1150 2427 αὐτοῦ,
1181 2386 1236 2417 so.
1268 2372 1505 2428 Commodi,
1546 2374 1610 2415 καὶ
1641 2370 1889 2428 Ἀτταλιανῆς
1914 2376 1985 2430 τῆς
2014 2374 2109 2415 ὑπα-

384 2440 518 2494 τίσσης
546 2439 686 2483 chron.
718 2439 918 2483 Paschal.
941 2456 989 2496 p.
1010 2444 1096 2484 492
1126 2441 1188 2484 ed.
1219 2441 1358 2484 Bonn.

314 2530 371 2535 —-
415 2513 521 2548 SEX.
553 2514 813 2550 VESTILIVS
841 2523 877 2551 v.
911 2509 1013 2552 Sex.
1046 2509 1260 2552 Vistilius.

315 2598 371 2603 —
412 2580 566 2616 ATTIA
597 2582 837 2618 CERVIDIA
868 2584 1101 2620 VESTINA.

315 2665 372 2670 —
414 2641 526 2684 Iulia
555 2643 749 2686 Vestina.

303 2710 387 2752 304
417 2710 646 2766 Vestinus,
687 2713 831 2755 nobili
862 2715 1028 2769 origine
1070 2716 1186 2772 (‘par
1225 2716 1394 2770 magnis
1424 2715 1631 2757 Vestinus
1661 2716 1793 2769 avis')
1824 2714 1991 2759 Statius
2017 2714 2111 2758 silv.

387 2781 426 2828 4,
458 2781 495 2828 6,
529 2782 593 2830 95,
626 2780 679 2822 de
710 2783 831 2824 euius
859 2790 996 2826 morte
1027 2785 1256 2826 immatura
1286 2783 1488 2826 Martial.
1520 2787 1559 2834 4,
1590 2786 1645 2826 73
1674 2784 1728 2838 of.
1761 2783 1874 2827 Stat.
1901 2786 1943 2834 4,
1975 2786 2014 2835 6,
2042 2785 2110 2828 94.

388 2846 675 2890 Moribundus
697 2863 798 2906 opes
824 2851 937 2893 inter
961 2852 1120 2895 amieos
1142 2851 1365 2894 distribuit
1385 2852 1589 2897 Martial.
1613 2851 1640 2894 l.
1662 2865 1696 2894 o.
1740 2851 1995 2895 Memoriam
2017 2851 2112 2895 eius

390 2914 522 2957 coluit
550 2916 716 2959 Novius
749 2918 923 2961 Vindex
952 2919 1061 2963 Stat.
1092 2920 1116 2964 l.
1146 2934 1180 2963 o.
1242 2919 1310 2974 Cf.
1340 2920 1630 2963 Friedlc'tnder
1659 2919 1839 2975 Sitteny.
1870 2919 1994 2970 111⁶,
2014 2921 2110 2963 458.

305 2983 387 3024 305
418 2982 646 3039 Vestinus,
679 2994 829 3028 auctor
860 2987 989 3029 Plinii
1021 2989 1066 3029 in
1095 2987 1216 3031 libris
1246 2988 1346 3031 hist.
1378 2995 1465 3031 nat.
1497 2988 1624 3030 XXI.
1654 2988 1800 3043 XXII,
1834 2987 1994 3044 quibus
2024 2988 2113 3044 egit

390 3050 443 3092 de
473 3050 649 3095 floribus
681 3060 723 3095 et
754 3054 897 3096 herbis
919 3055 1033 3098 Ptin.
1056 3056 1095 3098 h.
1118 3070 1160 3099 n.
1183 3059 1221 3107 1,
1244 3059 1302 3100 21
1330 3057 1385 3111 of.
1407 3059 1482 3100 22.

320 3142 377 3148 -
419 3119 470 3161 L.
501 3120 638 3162 Iulius
670 3122 888 3167 Vestinus,

320 3210 376 3215 —
419 3193 471 3228 M.
505 3188 699 3244 [IVLIVS]
734 3197 978 3234 VESTINVS
1009 3199 1233 3237 ATTICVS.

321 3277 377 3283 —
421 3260 472 3296 M.
504 3257 776 3313 IVN[1vs](?)
807 3266 1050 3303 VESTINVS
1079 3268 1252 3304 MALLo
1409 3269 1663 3306 ROMANVS.

322 3345 378 3351 —
420 3328 462 3366 T.
496 3330 699 3367 SEXTIVS
733 3359 742 3368 .
762 3360 770 3369 .
791 3360 799 3369 .
832 3335 882 3371 M.
906 3335 1071 3370 VIBIVS
1103 3328 1229 3371 *OVE
1249 3364 1373 3374 .....
1405 3337 1663 3374 SECVNDVS
1696 3363 1820 3375 .....
1850 3336 2110 3374 VESTINVS.
