2242 3672
263 252 554 290 SCRIBONIVS
1125 244 1204 286 186
1798 249 2066 286 SCRIBONIA

346 383 460 440 apud
502 382 697 426 consules
738 387 983 435 accusatus,
1028 381 1153 437 quasi
1192 379 1357 422 nefaria
1388 379 1567 422 consilia
1595 381 1741 423 inierit
1768 381 1813 423 in
1843 381 2066 424 Tiberium

348 451 539 507 aliosque
570 450 784 506 principes
824 449 1032 502 civitatis3
1074 462 1143 490 res
1174 448 1219 489 in
1250 454 1402 490 senatu
1431 454 1539 503 acta,
1582 463 1668 504 quo
1699 449 1792 505 ipse
1823 462 1963 504 aeger,
1995 448 2067 491 vel

348 519 544 562 simulato
574 517 734 572 morbo,
776 517 929 558 lectica
959 516 1141 568 delatus,
1181 516 1338 562 deinde
1369 516 1493 559 fratri
1524 517 1689 560 innisus
1719 523 1921 572 venerat3
1952 532 2067 561 cum-

345 603 429 644 que
458 603 525 630 res
546 587 836 629 demonstrata
865 600 959 627 esse
990 585 1224 639 videretur,
1257 592 1438 628 mortem
1469 585 1549 628 sibi
1577 586 1789 628 conscivit
1809 585 1850 629 d.
1873 586 1925 629 13
1938 585 2067 643 Sept.

350 656 448 698 Tae.
475 670 515 697 a.
539 658 583 705 2,
609 656 772 704 28-32,
802 653 890 696 Dio
915 656 982 704 57,
1010 656 1076 704 17,
1106 653 1221 698 Suet.
1255 654 1345 696 Tib.
1374 656 1444 703 25,
1477 653 1639 697 Seneca
1668 669 1730 709 ep.
1764 657 1829 706 70,
1860 657 1927 705 10,
1958 653 2066 708 fasti

345 724 606 766 Amiternini
634 722 692 764 ad
721 722 759 764 d.
791 725 844 764 13
869 722 999 776 Sept„
1041 721 1144 764 Vell.
1165 725 1209 772 2,
1232 725 1331 765 129.
1358 725 1452 773 130,
1485 722 1760 765 dissuadente
1791 723 1924 764 amita
1953 722 2067 766 Scri·

344 792 474 834 bonia
504 791 666 834 Seneca
697 790 722 833 l.
755 804 789 833 e.
848 791 1036 832 Decreta
1067 796 1240 832 senatus
1271 791 1316 832 in
1344 792 1595 834 memoriam
1627 792 1717 833 eius
1748 791 1846 834 Tae.
1877 805 1918 833 a.
1948 794 1992 842 2,
2012 793 2067 834 31

343 860 705 916 (commemoratur
733 859 969 902 coniuratio
1000 859 1179 902 Libonis
1208 859 1336 901 etiam
1370 859 1468 913 Tae.
1492 874 1531 902 a.
1553 863 1591 911 4,
1614 863 1681 904 29.
1705 863 1773 902 31.
1805 862 1844 910 6,
1865 861 1950 916 10).

259 930 340 971 215
373 934 663 971 SCRIBONIVS
694 934 949 970 PROCVLVS
992 935 1185 981 senator,
1226 927 1305 970 sub
1337 928 1448 971 Gaio
1480 929 1525 970 in
1556 929 1676 971 curia
1706 928 1948 985 discerptus
1977 926 2066 971 Dio

340 999 406 1052 59,
437 1000 495 1040 26
524 996 645 1052 (Zon.
672 1000 740 1048 11,
763 996 829 1051 6);
859 997 914 1050 ef.
937 997 1052 1041 Suet.
1082 996 1183 1040 Gai.
1205 999 1276 1047 28,
1308 997 1385 1039 nbi
1413 996 1521 1039 idem
1551 998 1714 1052 saetam
1742 999 1964 1048 narratur,
1993 995 2068 1039 sed

341 1066 507 1108 nomine
536 1066 744 1108 senatoris
772 1079 858 1108 non
878 1066 1035 1120 posito.

257 1134 339 1176 216
370 1166 550 1176 .......
604 1133 928 1189 [SCR]IBONIVS
975 1139 1230 1176 PROCVLVS
1278 1133 1466 1189 [curator
1513 1132 1686 1175 aedium
1736 1132 1973 1188 sac]rarum
2022 1139 2066 1176 et

340 1217 517 1258 operum
549 1201 848 1259 [publicorum]
880 1205 908 1244 t.
940 1202 1150 1245 Lunensis
1178 1202 1259 1245 XI
1280 1205 1401 1244 1340.

256 1271 337 1314 217
369 1276 660 1313 SCRIBONIVS
691 1276 947 1313 PROCVLVS
975 1270 1216 1326 (coynomen
1246 1271 1373 1314 habet
1401 1270 1514 1314 solus
1541 1270 1661 1327 Dio),
1693 1270 1826 1328 frater
1848 1269 2066 1314 Scribonii

340 1339 438 1382 Rufi
468 1338 557 1382 Dio
586 1342 649 1390 63,
671 1343 738 1390 17,
771 1354 870 1381 cum
899 1354 984 1396 quo
1016 1340 1175 1395 insigni
1209 1339 1441 1382 concordia
1471 1340 1584 1381 vixit
1619 1339 1716 1381 Tae.
1748 1338 1788 1381 h.
1819 1342 1859 1390 4,
1879 1341 1945 1389 41,
1976 1336 2065 1381 Dio
2131 1395 2135 1398 ι

341 1408 367 1450 l.
400 1422 434 1451 e.
485 1407 612 1450 Anno
643 1408 697 1450 58
729 1423 816 1450 una
845 1423 943 1450 cum
974 1407 1108 1451 fratre
1139 1408 1447 1464 componendis
1480 1407 1819 1450 Puteolanorum
1849 1406 2066 1449 seditioni-

341 1476 422 1518 bus
443 1475 634 1519 delectus
661 1476 760 1519 Tac.
784 1491 823 1518 a.
845 1479 911 1527 13,
933 1479 1000 1521 48.
1031 1476 1212 1530 (Consul
1233 1477 1331 1520 suff.
1354 1492 1391 1520 a.
1414 1477 1530 1530 ine).
1568 1475 1760 1518 Alteram
1786 1475 2066 1520 Germaniam
2120 1475 2123 1478 ’

339 1559 416 1600 per
444 1544 627 1587 multum
656 1551 824 1601 tempus
855 1546 980 1599 rexit,
1014 1545 1165 1587 eodem
1196 1552 1388 1602 tempore
1404 1560 1493 1602 ,quo
1517 1545 1651 1587 frater
1671 1544 1850 1587 alteram
1870 1543 1960 1587 Dio
1979 1543 2006 1586 l.
2029 1556 2062 1587 e.

339 1612 419 1665 (Ut
447 1614 691 1667 inferiorem
718 1613 996 1656 Germaniam
1017 1628 1045 1656 a
1065 1613 1260 1665 Proculo,
1292 1614 1551 1668 superiorem
1572 1628 1600 1656 a
1619 1613 1739 1667 Rufo
1769 1615 1930 1655 rectam
1958 1626 2063 1655 non-

337 1682 448 1724 nulli
469 1696 603 1736 nuper
622 1685 864 1737 statuerent,
895 1683 1016 1725 nulla
1045 1686 1141 1725 erat
1168 1685 1328 1739 eausa.)
1373 1682 1425 1725 A.
1449 1683 1502 1725 67
1524 1698 1549 1724 a
1568 1683 1742 1724 Nerone
1763 1683 1808 1724 in
1830 1682 2061 1726 Graeciam

340 1765 437 1792 cum
472 1750 605 1792 fratre
640 1758 858 1806 evocatUS,
891 1766 989 1793 cum
1025 1758 1204 1808 aspectu
1236 1752 1326 1793 eius
1357 1750 1692 1807 prohiberentur
1723 1748 2065 1808 ettcontumeliis

339 1817 639 1874 afficerentur,
681 1834 768 1861 una
797 1834 896 1861 cum
926 1819 1060 1862 fratre
1089 1835 1222 1862 venas
1254 1819 1442 1862 exsolvit
1470 1818 1558 1862 Dio
1591 1819 1616 1862 l.
1649 1833 1682 1861 e.
1742 1819 2066 1861 Monstraverat

341 1901 412 1928 eos
443 1887 604 1929 Neroni
636 1887 692 1929 ad
723 1888 903 1930 exitium
929 1889 1110 1931 Paccius
1136 1888 1366 1932 Africanus
1393 1889 1488 1931 Tac.
1512 1888 1553 1931 h.
1574 1891 1612 1939 4,
1635 1891 1701 1931 41.

254 1955 336 1997 218
366 1955 418 1997 L.
451 1955 702 1998 Scribonius
742 1957 889 1998 Ravus
927 1956 1185 2000 Cassianus:
1228 1958 1321 1999 eius
1362 1972 1512 1999 servus
1553 1972 1579 1999 a
1616 1957 1840 1999 conservis
1870 1953 2064 2012 sepultus

338 2023 602 2079 Carthagine
641 2025 686 2066 in
726 2024 966 2081 sepulcreto
1011 2025 1199 2067 familiae
1244 2025 1396 2068 domus
1444 2025 1669 2081 Augustae
1715 2023 2064 2079 Carthaginiensi

343 2091 467 2135 VIII
489 2092 536 2135 S.
566 2095 721 2136 12833.
780 2093 985 2137 Fortasse
1014 2094 1135 2137 homo
1165 2094 1333 2139 nobilis.

251 2161 334 2203 219
367 2167 661 2203 SCRIBONIVS
707 2167 867 2204 RVFVS
912 2161 1154 2217 (eoynomen
1197 2163 1324 2206 habet
1366 2162 1480 2205 solus
1518 2161 1624 2218 Dio)
1669 2162 1803 2204 frater
1848 2160 2064 2204 Scribonii

337 2229 509 2272 Proculi
551 2230 673 2285 (nata
700 2231 841 2274 maior
868 2234 916 2273 nt
935 2234 1056 2286 pato,
1098 2232 1251 2287 quippe
1280 2246 1398 2286 quem
1426 2231 1514 2275 Dio
1547 2227 1706 2286 priore
1733 2230 1821 2273 loeo
1849 2227 2063 2283 nominet»,

337 2313 374 2342 a.
406 2299 460 2341 58
492 2314 578 2340 una
608 2314 705 2341 cum
736 2314 786 2342 eo
817 2301 1126 2357 componendis
1157 2301 1498 2343 Puteolanorum
1540 2300 1822 2343 seditionibus
1857 2298 2061 2351 delectus,

339 2366 505 2421 (consul
536 2368 632 2409 suff.
664 2383 701 2410 a.
732 2369 847 2422 inc.)‚
879 2368 1047 2424 legatus
1077 2369 1254 2412 alterius
1283 2370 1543 2414 Germaniae
1575 2368 1725 2411 eodem
1754 2374 1948 2423 tempore
1978 2379 2063 2422 quo

336 2434 470 2477 frater
499 2434 675 2477 alteram
708 2436 897 2492 regebat,
930 2452 968 2481 a.
1000 2437 1053 2479 67
1085 2452 1173 2479 una
1203 2452 1300 2480 cum
1331 2437 1464 2480 fratre
1494 2453 1521 2480 a
1549 2437 1723 2480 Nerone
1752 2437 1798 2478 in
1828 2434 2058 2480 Graeciam

337 2504 565 2546 arcessitus
596 2511 775 2546 mortem
807 2505 887 2548 sibi
919 2506 1131 2549 conscivit
1160 2505 1250 2549 Dio
1277 2509 1342 2557 63,
1367 2510 1434 2557 17,
1482 2506 1580 2549 Tae.
1613 2519 1652 2549 a.
1684 2507 1750 2556 13,
1771 2506 1840 2555 48,
1868 2503 1908 2546 h.
1938 2505 1978 2554 4,
2005 2504 2059 2545 41

338 2569 410 2625 (ef.
439 2572 515 2614 snb
543 2572 725 2627 fratre)..

252 2640 335 2681 220
366 2645 631 2681 SCRIBONIA
671 2640 882 2686 Caesaris,
944 2642 1213 2685 Memoratnr
1253 2643 1299 2685 in
1340 2642 1474 2684 titulis
1512 2642 1691 2685 urbanis
1730 2640 1877 2684 Roem.
1909 2637 2059 2683 Mitth.

337 2709 504 2762 189110.
516 2711 598 2750 137
612 2712 651 2750 et
669 2710 817 2751 melius
836 2711 1018 2754 ib.1893
1030 2711 1275 2766 10.325(1);
1301 2711 1368 2753 VJ
1381 2714 1489 2753 7467
1497 2709 1573 2765 (2).
1589 2713 1737 2754 26032
1746 2709 1821 2768 (3).
1837 2711 1976 2753 26033
1986 2706 2059 2764 (4).

423 2776 474 2821 L.
498 2776 713 2819 Scribonii
734 2778 926 2834 Libonis,
959 2781 1096 2822 soceri
1123 2780 1223 2824 Sex.
1252 2780 1456 2836 Pompeii,
1485 2793 1605 2821 soror
1625 2778 1712 2821 Dio
1727 2780 1794 2829 48,
1812 2780 1866 2820 16
1881 2776 2058 2833 (Zonar.

338 2846 404 2894 10,
429 2847 517 2899 21),
548 2845 737 2899 Appian.
772 2847 810 2889 b.
843 2861 875 2891 e.
906 2851 945 2898 3,
970 2851 1023 2892 53
1054 2848 1180 2903 (Daci
1209 2848 1342 2902 iyitnr
1371 2847 1479 2902 filia,
1509 2850 1558 2889 ut
1585 2846 1653 2889 hie
1673 2847 1723 2889 L.
1746 2844 1892 2901 filius),
1922 2850 2060 2887 matre

340 2912 488 2955 Sentia
517 2915 544 2954 t.
575 2916 622 2963 1,
663 2915 794 2956 amita
824 2915 1003 2957 Libonis
1035 2916 1169 2958 Drusi
1201 2917 1411 2973 praetoris
1446 2931 1484 2958 a.
1516 2931 1557 2972 p.
1589 2915 1690 2958 Chr.
1725 2916 1777 2957 16
1806 2913 1967 2958 Seneca
1996 2925 2058 2967 ep.

336 2983 399 3030 70,
431 2983 497 3030 10,
534 2981 631 3023 Tac.
660 2996 699 3026 a.
726 2986 769 3033 2,
792 2987 853 3026 27
882 2983 1042 3039 (nempe
1073 2986 1207 3027 amita
1235 2984 1386 3035 maior,
1423 2985 1478 3038 cf.
1509 2987 1684 3026 stemma
1705 2982 1974 3038 propositum
2003 2979 2062 3023 ad

337 3062 378 3091 n.
408 3048 522 3103 214).
581 3049 696 3092 Ante
727 3066 888 3094 annum
919 3053 1001 3095 714
1032 3069 1143 3095 uxor
1173 3054 1356 3096 duorum
1386 3051 1677 3095 consularium
1707 3052 1822 3096 Suet.
1851 3050 1965 3105 Any.
1987 3051 2057 3099 62,

338 3131 393 3158 ex
423 3116 555 3159 altero
588 3132 734 3160 eorum
766 3120 893 3161 etiam
920 3127 1059 3163 mater
1085 3122 1141 3164 ib.
1202 3122 1342 3164 Mater
1373 3120 1561 3164 Cornelii
1591 3119 1823 3174 Marcell(i)
1854 3118 1917 3161 vel
1946 3118 2060 3160 Mar-

338 3184 517 3239 cell(ini)
540 3188 567 3227 t.
593 3189 631 3236 4,
663 3186 772 3228 uncle
801 3191 977 3241 nuptam
1007 3203 1099 3231 eam
1128 3190 1260 3243 fnisse
1282 3189 1356 3232 Cn.
1385 3189 1580 3232 Cornelio
1600 3188 1779 3231 Lentulo
1803 3185 2059 3231 Marcellino

336 3252 497 3295 consuli
523 3267 633 3295 anno
661 3256 743 3296 698
772 3255 936 3309 eolleyit
963 3256 1222 3311 Borqhesius
1254 3271 1345 3312 opp.
1377 3260 1405 3300 5
1425 3272 1473 3312 p.
1504 3261 1598 3299 140.
1648 3256 1788 3298 Mater
1819 3254 2057 3309 Corneliae,

339 3321 484 3362 uxoris
516 3321 655 3363 Paulli
676 3321 848 3364 Aemilii
871 3324 1026 3379 Lepidi
1055 3327 1244 3367 censoris
1273 3341 1310 3369 a.
1335 3327 1416 3368 732
1438 3325 1633 3379 Propert.
1658 3328 1686 3367 4
1706 3324 1779 3380 (5),
1806 3327 1871 3374 11,
1897 3327 1963 3366 31.
1991 3326 2056 3377 55,

2231 2583 2242 2614 εὶ,

2231 2614 2242 2638 :1

2235 2642 2242 2658 J

2215 2723 2219 2734 λ
2230 2713 2242 2794 ξ

2229 2803 2234 2811 ,
