2242 3672
137 248 278 285 VIBIA
1011 246 1095 290 429
1816 255 1955 291 VIBIA

225 380 496 435 (‘Viscorum
521 382 743 438 uterque')
773 383 830 428 ib.
860 387 898 434 1,
927 387 994 436 10,
1024 387 1084 429 82
1114 385 1174 440 (V
1176 386 1254 428 isci
1284 385 1370 428 duo
1400 385 1558 429 fratres
1588 385 1766 429 fuerunt
1792 386 1954 440 schot).

226 450 358 492 Pater
379 463 525 492 eorum
547 449 705 493 Vibius
726 451 884 495 Viscus
906 454 1104 510 quamvis
1126 454 1290 497 divitiis
1311 461 1354 497 et
1374 455 1566 497 amicitia
1590 453 1779 511 Augusti
1810 454 1955 498 clarus

224 524 349 573 esset,
381 519 426 560 in
457 519 646 574 equestri
677 525 821 562 tamen
851 520 1003 563 ordine
1033 523 1299 578 perduravit,
1332 538 1429 566 cum
1460 523 1573 567 filios
1604 539 1704 567 suos
1736 530 1955 568 senatores

225 586 399 630 fecisset
425 586 614 630 scholion
644 588 750 643 (sine
781 589 908 632 dubio
941 591 1176 645 antiquum)
1208 592 1266 634 ad
1292 591 1401 635 Hor.
1432 595 1514 636 sat.
1539 596 1578 644 1,
1598 596 1665 644 10,
1686 595 1759 637 82.
1823 593 1956 637 Unius

224 670 276 699 ex
311 656 379 698 his
418 655 594 699 libertus
632 657 683 699 L.
723 657 883 700 Vibius
913 659 1034 701 Visci
1075 659 1103 702 1.
1144 660 1498 718 Nymphodotus,
1542 663 1618 718 qui
1657 677 1695 707 a.
1728 678 1769 705 u.
1801 677 1838 706 c.
1872 662 1955 705 746

223 725 404 768 Brixiae
420 724 596 768 titulum
614 725 834 783 dedicavit
857 726 1032 770 V4201.
1064 727 1270 772 Fortasse
1289 729 1371 772 hue
1382 730 1572 785 pertinet
1591 731 1719 773 etiam
1737 730 1786 775 O.
1798 730 1955 774 Vibius

223 792 273 837 C.
303 794 333 837 f.
362 794 455 838 Pol.
486 795 644 838 Viscus
673 795 755 839 XI
776 798 883 839 6155
913 796 1309 852 (Forosempronii).

139 863 224 906 409
254 870 395 906 VIBIA
423 862 561 906 Marsi
593 863 685 907 filia
716 863 761 917 (i.
794 879 827 907 e.
863 864 910 908 G.
943 865 1059 908 Vibii
1088 866 1247 918 Marsi,
1277 880 1411 921 supra
1440 882 1482 911 n.
1502 867 1615 921 388),
1648 867 1800 911 Laelia
1829 875 1955 924 nata3

224 948 338 976 uxor
364 933 414 978 P.
445 932 605 976 Plautii
637 932 815 976 Pulchri
843 936 1084 990 quaestoris
1115 950 1150 978 a.
1181 936 1234 978 31
1269 939 1296 978 t.
1334 936 1581 980 Tiburtinus
1610 936 1737 980 XIV
1755 940 1878 981 3607.

137 1003 222 1045 410
251 1008 391 1044 VIBIA
419 1002 558 1057 (uiuia
593 1002 737 1045 Taciti
765 1002 894 1046 codex
927 1003 1158 1055 Medieeus‚
1189 1005 1327 1058 Iunia,
1361 1005 1493 1048 Vinia
1514 1005 1752 1057 deteriores,
1779 1020 1956 1061 quorum

224 1071 406 1115 alterum
453 1074 597 1114 utrum
636 1074 780 1126 potest
822 1086 966 1115 verum
1010 1086 1120 1124 esse‚·
1162 1087 1311 1116 nomen
1354 1088 1439 1117 non
1479 1075 1607 1129 ponit
1650 1074 1799 1128 Ptin),
1831 1081 1957 1118 'uxor

223 1141 276 1184 L.
316 1139 516 1183 Arruntii
557 1140 729 1184 Camilli
772 1141 1074 1196 Scriboniani,
1116 1149 1255 1185 mater
1293 1143 1418 1186 Furii
1464 1142 1737 1187 Scriboniani
1783 1144 1881 1187 Tac.
1914 1159 1954 1189 a.

224 1212 294 1261 12,
324 1212 395 1254 52.
453 1210 507 1253 In
547 1211 640 1253 eius
680 1211 846 1266 gremio
889 1211 1071 1253 maritus
1111 1212 1226 1266 eius,
1260 1227 1357 1254 cum
1393 1226 1514 1254 arma
1544 1219 1695 1255 contra
1725 1211 1956 1256 Claudium

227 1279 273 1321 in
303 1277 524 1321 Dalmatia
553 1279 759 1322 movisset
789 1278 866 1322 sed
895 1294 999 1322 mox
1027 1279 1180 1334 fugere
1211 1287 1386 1323 coactus
1417 1287 1548 1335 esset,
1591 1282 1758 1323 occisus
1795 1282 1852 1336 (a.
1882 1282 1955 1336 42)

225 1347 342 1391 Plin.
376 1362 438 1403 ep.
460 1350 501 1399 3,
524 1350 590 1399 16,
613 1351 653 1391 9.
710 1347 925 1391 Indicium
957 1348 1188 1405 profitetur
1217 1349 1334 1406 apud
1366 1348 1597 1392 Claudium
1629 1350 1799 1404 (contra
1828 1352 1958 1407 parti-

225 1418 342 1475 cipes
382 1415 652 1472 rebellionis)
694 1418 752 1460 ib.
813 1417 1023 1474 Relegata
1067 1418 1165 1463 Tae.
1209 1418 1235 1463 l.
1267 1432 1302 1461 c.
1363 1419 1507 1462 Huius
1549 1433 1674 1461 casus
1714 1419 1956 1475 impatiens,

225 1501 264 1529 a.
296 1486 351 1529 52
378 1501 529 1529 rursus
559 1492 765 1529 accusata
793 1487 850 1530 ib.

139 1556 219 1598 411
253 1561 394 1598 VIBIA
432 1561 660 1598 AVRELIA
697 1562 894 1599 SABINA.
965 1556 1122 1599 Tituli:
1160 1556 1411 1599 Eleusinius
1441 1555 1593 1614 Ἐφημ.
1634 1559 1818 1615 ἀρχαιολ.
1849 1559 1959 1600 1894

220 1639 270 1680 p.
292 1627 384 1668 212
411 1638 453 1667 n.
476 1627 536 1668 38
565 1625 648 1681 (1),·
687 1624 757 1668 VI
778 1629 895 1669 1020
926 1628 1003 1683 (2).
1042 1625 1169 1668 VIII
1189 1628 1310 1669 5327
1332 1626 1407 1682 (3).
1437 1628 1551 1669 5328
1581 1624 1663 1680 (4),·
1691 1627 1872 1679 fortasse
1903 1625 1961 1668 ad

226 1708 319 1737 eam
352 1694 566 1749 pertinuit
603 1697 630 1739 t.
668 1694 882 1750 thesius
922 1693 990 1738 01
991 1693 1045 1738 G.
1074 1697 1187 1738 2964
1227 1694 1301 1751 (5).
1362 1695 1634 1738 Memoratur
1672 1695 1734 1738 II
1766 1697 1847 1738 133
1884 1697 1958 1751 (6).

226 1762 272 1806 Χ
294 1765 404 1806 4763
433 1760 510 1816 (7).
569 1763 703 1807 Vibia
731 1763 914 1807 Aurelia
944 1763 1137 1819 (Aurell-
1168 1766 1196 1806 t.
1230 1763 1274 1818 4)
1308 1763 1473 1807 Sabina
1505 1767 1533 1808 t.
1565 1767 1608 1807 2.
1639 1767 1680 1807 3.
1711 1767 1750 1819 4,
1780 1763 1960 1807 Aurelia

225 1831 358 1875 Vibia
393 1831 559 1876 Sabina
588 1835 617 1877 t.
649 1835 687 1884 6,
721 1831 886 1876 Sabina
921 1836 949 1876 t.
980 1836 1018 1877 1.
1049 1835 1088 1877 5.
1121 1836 1159 1876 7.
1216 1833 1323 1875 Divi
1359 1832 1571 1875 Antonini
1606 1832 1696 1875 filia
1732 1836 1759 1876 t.
1790 1837 1828 1883 1,
1869 1832 1960 1875 divi

226 1900 366 1944 Marci
409 1901 466 1957 (et
508 1900 765 1956 Faustinae)
810 1901 901 1944 filia
950 1905 978 1947 t.
1016 1905 1060 1946 2.
1098 1905 1138 1945 3.
1178 1905 1219 1945 4.
1298 1902 1421 1944 Haec
1464 1901 1648 1944 fortasse
1693 1901 1783 1944 filia
1827 1901 1959 1944 trium

227 1984 440 2013 annorum
471 1985 601 2027 quam
632 1970 809 2013 Marcus
850 1986 998 2014 secum
1036 1971 1188 2014 habuit
1219 1971 1366 2014 Sirmii
1397 1985 1531 2026 agens
1562 1970 1854 2014 Philostratus
1886 1971 1959 2013 vit.

227 2039 345 2094 soph.
376 2042 420 2090 2,
452 2042 490 2090 1,
522 2043 575 2082 11
605 2039 707 2095 (non
747 2054 859 2083 anno
898 2043 1000 2091 168,
1040 2043 1089 2082 ut
1119 2043 1252 2095 putat
1291 2038 1465 2083 Clinton
1496 2043 1677 2095 propter
1712 2040 1961 2082 mentionem

228 2109 280 2151 L.
313 2108 423 2159 Veri,
453 2108 529 2151 sed
555 2109 627 2151 vix
655 2109 751 2160 vivi,
783 2109 858 2152 sed
887 2109 1108 2163 aliquanto
1130 2112 1293 2163 postea,
1325 2110 1380 2163 cf.
1411 2108 1624 2163 Boryhesi
1653 2123 1744 2164 opp.
1774 2111 1813 2159 3,
1844 2107 1958 2162 246).

232 2177 438 2232 Nupsisse
475 2177 663 2220 Claudio
695 2178 850 2221 Severo
880 2179 1057 2221 coniecit
1085 2177 1346 2232 Boryhesius
1376 2192 1470 2232 opp.
1500 2181 1538 2228 3,
1570 2181 1666 2228 247,
1697 2178 1772 2220 sed
1795 2181 1957 2220 retrac-

230 2246 338 2288 tavit
365 2246 422 2289 ib.
452 2249 491 2298 5,
522 2249 614 2290 434.
674 2247 864 2303 Augusti
908 2246 1171 2300 (Commodi,
1216 2246 1280 2290 vel
1323 2246 1486 2297 Severi,
1526 2249 1756 2302 postquam
1799 2246 1868 2288 hic
1912 2246 1958 2288 in

230 2315 498 2370 adoptionem
536 2315 600 2360 M.
642 2315 822 2359 Aurelio
861 2330 904 2360 se
945 2316 1074 2373 dedit)
1116 2330 1238 2358 soror
1278 2319 1306 2358 t.
1338 2318 1376 2366 7,
1429 2315 1579 2358 Severi
1626 2329 1748 2357 soror
1786 2318 1814 2358 t.
1846 2319 1887 2358 3.
1917 2318 1956 2357 4.

229 2384 392 2427 Severo
416 2385 660 2442 supervixit
681 2388 708 2429 t.
729 2389 768 2430 4.
817 2386 881 2429 Μ.
903 2385 1077 2427 Aurelii
1103 2384 1211 2440 lilia,
1245 2399 1272 2426 a
1293 2382 1524 2427 Caracalla
1546 2384 1684 2426 occisa
1705 2383 1957 2436 (Herodian.

227 2457 268 2505 4,
300 2456 338 2505 6,
370 2457 429 2511 3),
468 2468 554 2497 non
592 2453 696 2496 haec
735 2457 808 2505 est,
849 2454 923 2497 sed
961 2451 1194 2508 Cornificia
1234 2452 1294 2508 (G
1322 2453 1463 2508 1231).
1537 2452 1743 2495 Fortasse
1783 2466 1833 2495 ex
1871 2453 1960 2495 eius

230 2521 351 2565 domo
389 2523 441 2565 L.
484 2522 719 2579 Septimius
760 2523 917 2566 Vibius
957 2522 1215 2579 Trophimas
1256 2521 1397 2576 Augg.
1439 2520 1514 2566 lib.
1556 2521 1626 2564 VI
1645 2524 1802 2565 26261.
1860 2521 1960 2564 Non

228 2589 310 2633 hue
330 2591 520 2646 pertinet
551 2591 684 2634 Vibia
713 2591 879 2635 Sabina
910 2591 978 2634 VI
999 2594 1155 2635 28888.

143 2659 300 2703 412113
337 2666 476 2702 VIBIA
512 2666 677 2702 MARIA
711 2667 919 2703 MAXIMA
956 2659 1196 2703 clarissima
1231 2659 1402 2713 femina,
1446 2660 1496 2701 P.
1531 2658 1651 2701 Vibii
1690 2659 1877 2702 Mariani
1919 2666 1961 2701 et

229 2729 440 2784 Reginiae
470 2729 690 2772 Maximae
720 2729 810 2772 filia
842 2729 911 2772 VI
932 2732 1051 2772 1636.

144 2797 228 2840 414
259 2798 435 2853 (VIBIA)
458 2804 643 2840 SABINA
664 2798 881 2841 Hadriani
906 2819 962 2833 Ξ
985 2804 1167 2840 SABINA
1187 2803 1431 2841 AVGVSTA.
1476 2797 1631 2853 Neptis
1661 2811 1740 2853 per
1770 2811 1960 2839 sororem

230 2866 411 2909 Traiani
449 2868 522 2910 vit.
563 2867 706 2910 Hadr.
738 2871 790 2918 2,
821 2871 886 2918 10,
929 2866 1105 2909 Traiani
1147 2867 1343 2923 ἀδελφιδῆ
1383 2865 1472 2909 Dio
1502 2868 1576 2916 69,
1617 2869 1655 2908 1.
1732 2864 1835 2908 Vere
1874 2866 1960 2919 fuit

232 2935 505 2986 Mareianae,
526 2936 688 2978 sororis
714 2935 907 2986 Traiani,
939 2935 1088 2989 neptis,
1123 2933 1341 2976 Matidiae
1370 2934 1550 2976 senioris
1575 2933 1684 2988 filia,
1712 2936 1761 2975 ut
1781 2937 1962 2988 apparet

230 3018 281 3048 ex
310 3005 400 3047 III
419 3007 546 3048 5807.
587 3005 677 3047 III
702 3004 748 3048 S.
782 3007 906 3048 7123.
946 3003 994 3046 Χ
1020 3007 1141 3045 4744.
1181 3004 1310 3053 4745,
1350 3003 1427 3045 ubi
1466 3002 1661 3045 Matidia
1699 3002 1844 3044 iunior
1873 3015 1961 3045 eius

232 3071 389 3115 dicitur
417 3087 552 3125 soror,
596 3073 814 3116 Matidiae
844 3072 1064 3127 Auyustae
1102 3072 1220 3127 filia,
1265 3071 1525 3114 Marcianae
1553 3070 1775 3126 Auyustae
1808 3071 1960 3144 neptis.

230 3141 439 3184 Matidiae
478 3142 593 3197 Aug.
634 3141 724 3183 filia
761 3145 788 3184 t.
820 3141 1034 3196 Ephesius
1065 3139 1131 3184 CI
1133 3140 1187 3183 G
1218 3143 1330 3184 2965
1369 3140 1461 3195 (ubi
1498 3153 1602 3182 sane
1639 3140 1774 3194 ipsius
1812 3153 1963 3182 nomen

226 3210 392 3265 periit).
460 3211 583 3253 Nata
620 3210 787 3253 videtur
826 3223 911 3252 esse
949 3224 999 3252 ex
1038 3210 1089 3252 L.
1132 3209 1254 3252 Vibio
1295 3209 1459 3265 aliquo,
1507 3208 1622 3251 dicta
1661 3208 1794 3263 iyitur
1833 3207 1961 3251 Vibia

231 3279 423 3330 Sabina,
474 3280 514 3321 si
561 3278 728 3333 quidem
783 3278 927 3321 liberti
973 3278 1062 3320 eius
1112 3277 1362 3321 dicebantur
1410 3278 1460 3320 L.
1519 3276 1654 3331 Vibii,
1706 3277 1761 3331 cf.
1813 3277 1961 3331 infra,·

228 3351 459 3403 praeterea
489 3347 543 3390 ab
574 3347 655 3390 hac
683 3350 731 3390 ut
758 3346 923 3389 videtur
944 3346 1143 3402 Auyusta
1172 3346 1356 3390 Aurelia
1387 3346 1557 3390 Sabina
1579 3345 1645 3388 M.
1667 3345 1839 3389 Aurelii
1865 3345 1962 3402 filia
