2242 3672
142 247 310 284 VIBIVS
1011 243 1095 288 427
1793 247 1960 286 VIBIVS

224 392 354 434 nepos
375 378 422 422 O.
450 378 566 422 Vibii
587 378 715 422 Galli
730 379 1132 436 Proculeiani'a'b).
1172 380 1371 424 ‘Oreatus
1393 381 1437 423 in
1460 379 1602 424 insula
1620 380 1827 436 Meninge
1843 381 1962 438 'quae

166 470 170 474 ·
231 462 346 490 nunc
369 448 508 492 Girba
529 448 705 491 dicitur‘
743 449 844 494 Vict.
867 450 965 504 epit.
985 453 1054 501 31,
1085 450 1197 504 quod
1221 451 1306 492 sive
1328 450 1386 492 ad
1409 449 1546 492 locum
1574 463 1654 503 quo
1681 450 1849 505 yenitus
1877 450 1962 492 sive

231 516 290 559 ad
318 531 410 560 euan
439 531 521 572 quo
550 517 784 572 imperator
813 522 980 560 creatus
1011 522 1070 561 est
1099 520 1278 573 referas,
1309 518 1468 573 falsum
1489 531 1575 561 esse
1594 518 1771 561 videtur.
1823 518 1961 561 Natus

225 601 267 628 a.
291 586 463 628 circiter
483 587 579 641 207,
613 587 776 643 quippe
799 593 929 629 ‘anno
961 588 1114 630 aetatis
1146 589 1328 645 septimo
1360 588 1533 630 circiter
1563 594 1607 630 et
1629 587 1961 644 quadragesimo

241 662 409 698 caesus²
424 671 461 698 a.
475 656 560 699 253
582 655 689 698 Viet.
706 656 802 710 epit.
818 658 873 698 31
889 656 1036 708 (natus
1055 672 1094 699 a.
1108 657 1184 699 191
1206 657 1293 699 chr.
1314 657 1463 700 Pasch.
1478 671 1527 712 p.
1543 658 1654 711 505).
1685 655 1962 699 Clarissimus

229 725 299 766 vir
329 725 411 768 XI
430 728 558 776 1927,
600 724 764 767 ordinis
796 726 1002 768 senatorii
1034 725 1194 768 Zonar.
1220 729 1289 777 12,
1313 730 1384 770 20.
1445 724 1611 769 Consul
1640 725 1758 781 (suff.
1790 741 1828 768 a.
1857 727 1961 780 inc.)

231 793 451 849 Syncellus
471 809 519 849 p.
543 796 621 837 705
652 795 793 847 (πάλαι
813 793 1026 851 γενόμενος
1046 795 1208 849 ὕπατος)
1229 793 1513 847 (consulatum
1534 795 1640 837 anni
1659 797 1749 838 252
1768 794 1963 850 plerique

184 898 188 903 .
228 865 350 905 testes
367 863 595 906 secundum
608 862 863 918 perhibent).
895 864 1143 919 Imperante
1163 864 1301 906 Decio
1323 863 1492 919 legatus
1512 870 1561 906 ut
1577 863 1751 906 videtur
1771 863 1962 907 Moesiae

230 931 376 985 (‘dux'
401 935 441 975 et
458 932 607 987 paullo
627 934 730 986 post
762 931 871 973 ‘dux
900 931 1066 974 limitis'
1090 931 1326 987 Jordanes)
1358 932 1537 986 Gothos,
1570 933 1645 989 qui
1676 933 1720 974 in
1753 932 1962 975 Moesiam

230 1002 506 1059 inruperant,
557 1016 583 1043 a
629 1001 853 1043 Novarum
893 1000 1117 1043 obsidione
1158 1002 1341 1043 removit
1381 1000 1598 1044 Jordanes
1632 1000 1727 1044 Get.
1758 1004 1832 1053 18,
1866 1006 1960 1046 101.

228 1074 269 1117 A
310 1073 448 1116 Decio
490 1070 664 1113 iubetur
705 1069 914 1112 barbaros
954 1071 1139 1113 transitu
1179 1069 1409 1126 (Danuvii)
1447 1084 1596 1112 arcere
1627 1070 1785 1113 Zosim.
1813 1075 1857 1122 1,
1889 1074 1960 1122 23,

230 1143 389 1186 Zonar.
412 1144 481 1191 12,
504 1143 562 1184 20
591 1139 645 1194 ef.
678 1138 864 1183 Jordan.
888 1141 954 1190 18,
976 1143 1072 1183 102.
1122 1140 1229 1182 Eius
1260 1139 1505 1196 proditione
1533 1138 1696 1181 factum
1728 1146 1777 1182 ut
1799 1139 1962 1182 Decius

230 1212 441 1254 dimicans
482 1223 582 1251 cum
624 1207 781 1251 Gothis
822 1208 985 1264 periret
1014 1208 1172 1251 Zosim.
1205 1208 1231 1251 l.
1264 1222 1323 1259 c.,
1357 1208 1516 1252 Zonar.
1550 1208 1575 1250 l.
1606 1221 1664 1259 c.,
1698 1207 1908 1252 Cedrenus
1937 1209 1970 1251 I

227 1295 275 1336 p.
295 1283 377 1324 453
396 1279 538 1322 Bonn.
588 1277 762 1320 Mortuo
793 1277 930 1320 Decio
953 1278 1199 1334 imperator
1227 1277 1368 1320 factus
1388 1276 1571 1331 Eutrop.
1603 1280 1641 1327 9,
1671 1279 1710 1328 5,
1743 1292 1843 1319 cum
1874 1277 1962 1320 filio

227 1350 425 1404 Eutrop„
459 1347 614 1402 (filium
645 1345 880 1390 Caesarem
910 1345 1148 1403 appellavit
1179 1346 1340 1389 Zonar.
1371 1349 1441 1397 12,
1474 1349 1551 1396 21,
1584 1345 1721 1388 filium
1753 1344 1961 1400 collegam

173 1431 178 1437 ·
229 1419 399 1475 imperii
430 1416 671 1472 adsumpsit
702 1414 860 1458 Zosim.
891 1419 930 1466 1,
960 1414 1048 1469 24),
1083 1415 1140 1458 ab
1172 1416 1367 1457 exercitu
1398 1415 1632 1470 imperator
1663 1422 1833 1456 creatus
1864 1429 1963 1457 cum

227 1487 467 1531 Volusiano
490 1484 671 1541 Syncell.
694 1499 743 1539 p.
767 1486 859 1535 705,
887 1499 913 1526 a
933 1490 1086 1526 senatu
1107 1485 1342 1540 imperator
1362 1481 1603 1540 appellatus
1626 1482 1730 1526 Vict.
1754 1481 1875 1526 Caes.
1895 1486 1963 1526 30.

229 1558 303 1600 Tr.
335 1562 436 1613 pot.,
470 1569 556 1597 cos.
588 1566 782 1596 nummus
814 1567 883 1608 ap.
904 1552 1067 1595 Eckhel
1088 1556 1126 1604 7,
1146 1555 1240 1604 354,
1280 1552 1420 1596 Cohen
1442 1567 1491 1607 p.
1513 1554 1599 1596 248
1627 1565 1669 1594 n.
1691 1555 1745 1594 91
1774 1566 1825 1595 ex
1843 1551 1964 1594 Ban-

230 1626 366 1669 durio.
416 1622 578 1677 Consul
607 1623 654 1665 II
693 1638 730 1664 a.
763 1624 846 1665 252
879 1622 970 1666 ord.
1012 1637 1111 1665 cum
1144 1621 1383 1665 Volusiano
1426 1621 1515 1664 filio
1547 1621 1665 1675 fasti.
1727 1620 1800 1665 Tr.
1833 1635 1874 1677 p.
1906 1621 1962 1676 ΙΙ,

228 1709 314 1738 cos
338 1695 383 1737 II
403 1693 483 1736 IX
500 1695 630 1744 3916,·
657 1692 821 1734 nummi
851 1706 919 1746 ap.
950 1690 1115 1734 Eckhel
1133 1695 1171 1742 7,
1192 1694 1286 1742 356,
1319 1689 1457 1733 Cohen
1478 1704 1527 1745 p.
1549 1692 1635 1732 249
1664 1702 1706 1732 n.
1729 1692 1788 1731 97
1814 1689 1885 1743 (tr.
1908 1704 1962 1746 p.,

229 1779 314 1808 cos,
346 1764 391 1806 II
421 1762 483 1806 II
493 1764 616 1805 4859.
647 1760 799 1804 IIIS.
823 1763 968 1803 11344.
998 1760 1107 1803 ΧΙΙ
1123 1762 1261 1812 55:38,-
1286 1772 1482 1802 nummus
1512 1773 1580 1814 ap.
1612 1757 1774 1801 Eckhel
1804 1761 1841 1809 7,
1871 1761 1965 1809 355,

230 1833 370 1877 Cohen
390 1846 438 1887 p.
460 1833 546 1875 265
573 1845 617 1873 n.
637 1832 689 1881 8,·
730 1838 782 1872 tr.
815 1844 856 1886 p.
887 1829 943 1884 II,
981 1844 1067 1873 cos.
1099 1829 1188 1872 III
1207 1832 1346 1880 4270;
1386 1835 1437 1872 tr.
1469 1843 1511 1884 p.
1542 1828 1607 1881 II,
1650 1841 1735 1869 c08.
1775 1826 1864 1869 des.
1897 1860 1907 1870 .
1926 1860 1935 1869 .
1955 1860 1965 1869 .

232 1902 312 1945 XI
336 1901 480 1951 1928).
540 1899 614 1941 Tr.
647 1914 688 1955 p.
720 1899 810 1953 III,
844 1913 929 1941 cos,
961 1899 1006 1941 II
1035 1898 1198 1940 nummi
1229 1912 1298 1952 ap.
1329 1896 1491 1940 Eckhel
1523 1899 1560 1950 7,
1590 1898 1671 1938 356
1706 1895 1852 1950 (neque
1880 1896 1967 1950 ipsi

227 1984 358 2025 neque
386 1969 691 2012 recentioribus
720 1981 987 2010 nummorum
1008 1967 1339 2021 descriptoribus
1368 1965 1479 2020 visi).
1526 1966 1599 2008 Tr.
1622 1979 1663 2021 p.
1687 1964 1790 2018 1111,
1813 1978 1898 2007 cos.
1920 1964 1965 2006 II

233 2039 303 2082 VI
326 2042 456 2090 11045
485 2037 647 2080 nummi
674 2051 743 2091 ap.
775 2036 938 2079 Eckhel
969 2039 1006 2086 7,
1038 2039 1130 2086 356,
1171 2035 1312 2078 Cohen
1333 2050 1382 2090 p.
1408 2037 1495 2078 248
1524 2048 1566 2077 n.
1589 2035 1738 2077 92—96
1768 2033 1966 2088 (propter

226 2109 337 2151 hume
356 2107 526 2150 titulum
547 2106 700 2160 hosque
719 2118 911 2148 nummos
932 2104 1163 2147 Eckhelius
1182 2108 1221 2154 7,
1242 2107 1323 2147 363
1352 2103 1577 2158 imperium
1604 2101 1728 2144 Galli
1746 2101 1965 2144 extendere

225 2177 387 2220 studuit
406 2177 453 2218 in
474 2189 632 2218 annum
652 2177 760 2226 254;
790 2174 865 2216 sed
883 2177 986 2228 post
1008 2177 1218 2228 repertum
1239 2172 1407 2215 titulum
1422 2171 1686 2226 Africanum
1713 2170 1836 2213 VIII
1847 2172 1966 2214 2482
2035 2187 2043 2195 ·

229 2246 423 2289 dubitari
458 2245 547 2287 iam
586 2258 671 2286 non
699 2235 862 2298 potest,
905 2243 1007 2297 quin
1045 2242 1201 2285 Gallus
1240 2242 1377 2283 vivere
1418 2240 1588 2283 desierit
1617 2239 1837 2293 aliquanto
1866 2242 1964 2282 ante

227 2328 408 2358 mensem
436 2314 525 2357 Oct.
571 2327 609 2355 a.
642 2315 728 2356 253
737 2325 750 2364 ;
801 2313 855 2366 cf.
891 2326 997 2367 quae
1038 2311 1212 2366 eoeposui
1250 2310 1308 2352 ad
1343 2310 1468 2352 inser.
1501 2308 1572 2351 sel.
1602 2307 1717 2362 525).
1789 2307 1967 2350 Nummi

228 2383 519 2427 Alexandrini
549 2385 637 2424 tam
657 2381 792 2435 ipsius
810 2395 936 2434 quam
966 2380 1052 2435 filii
1075 2394 1125 2422 ex
1155 2380 1278 2421 tertio
1310 2381 1476 2421 tantum
1507 2391 1648 2420 eorum
1678 2390 1788 2419 anno
1819 2389 1962 2430 super-

228 2467 313 2497 esse
341 2452 550 2502 videntur,
582 2452 637 2505 cf.
659 2450 798 2493 Sallet
828 2449 935 2492 alem.
960 2448 1299 2491 Kaisermitnzen
1320 2462 1368 2502 p.
1395 2450 1448 2489 68
1479 2448 1626 2502 (unum
1657 2448 1798 2487 tamen
1826 2444 1961 2498 ipsius

228 2538 280 2566 ex
325 2535 438 2565 anno
483 2519 684 2570 secundo,
741 2519 853 2560 inter
897 2517 1049 2559 multos
1094 2531 1145 2559 ex
1188 2530 1299 2558 anno
1345 2516 1493 2566 tertio,
1547 2514 1675 2556 habet
1717 2512 1964 2556 Feuardent

230 2590 322 2635 coll.
364 2589 584 2633 Demetrio
614 2589 676 2631 II
699 2602 748 2642 p.
780 2590 872 2631 228
911 2601 952 2628 n.
983 2588 1130 2637 2935).
1204 2584 1428 2627 Profectus
1467 2591 1619 2626 contra
1659 2581 1961 2635 Aemilianum,

229 2661 304 2718 qui
347 2661 391 2701 in
432 2658 599 2700 Moesia
641 2658 876 2713 imperator
911 2654 1154 2711 appellatus
1194 2653 1362 2696 Italiam
1406 2653 1646 2705 invaserat,
1690 2650 1902 2693 occiditur
1939 2664 1965 2691 a

230 2731 319 2772 suis
361 2728 504 2771 Victor
540 2726 660 2769 Caes.
691 2729 769 2776 31,
813 2726 907 2779 epit.
937 2728 1009 2774 31,
1054 2724 1237 2777 Eutrop.
1275 2726 1314 2772 9,
1348 2726 1386 2773 5,
1426 2722 1544 2765 Oros.
1579 2725 1616 2771 7,
1648 2724 1726 2774 21,
1770 2719 1965 2762 Zosimus

231 2803 266 2849 1,
298 2800 382 2847 28,
440 2796 504 2838 Io.
542 2794 741 2837 Antioeh.
779 2795 835 2847 fr.
872 2796 948 2836 150
988 2793 1074 2848 (ap.
1120 2791 1283 2834 Muller
1324 2792 1380 2844 fr.
1417 2790 1515 2832 hist.
1554 2789 1632 2832 Gr.
1674 2788 1754 2831 IV
1774 2803 1823 2843 p.
1853 2787 1963 2842 598),

233 2868 391 2910 Zonar.
416 2868 487 2915 12,
509 2868 579 2914 21,
609 2863 727 2919 apud
759 2863 1050 2905 Interamnam
1084 2861 1227 2903 Victor
1260 2859 1380 2903 Caes.
1405 2858 1429 2900 l.
1454 2872 1503 2909 c.,
1537 2859 1634 2912 epit.
1658 2857 1684 2902 l.
1707 2870 1755 2906 c.,
1782 2856 1962 2910 Eutrop.

232 2936 258 2978 l.
291 2949 339 2986 c.,
370 2936 414 2976 in
446 2934 539 2976 foro
570 2933 784 2975 Flaminio
815 2931 1034 2984 chronoqr.
1067 2930 1173 2971 anni
1199 2931 1298 2978 354,
1339 2927 1497 2970 Euseb.
1531 2926 1589 2968 ad
1618 2940 1658 2968 a.
1689 2925 1797 2967 Abr.
1829 2927 1962 2974 2272,

232 3003 414 3059 Syncell.
436 3017 484 3057 p.
509 3005 591 3044 706
624 3001 861 3053 (utrumque
890 2999 1064 3053 respicit
1089 2998 1373 3051 Hieronymus
1403 2996 1545 3038 chron.
1576 2994 1634 3037 ad
1662 3008 1702 3036 a.
1726 2992 1862 3048 2270)
1891 2993 1965 3047 (ab

230 3088 370 3116 uxore
402 3072 570 3114 occisus
602 3085 680 3126 per
710 3070 899 3125 quietem
937 3066 1151 3109 Cedrenus
1181 3066 1214 3108 I
1229 3080 1276 3120 p.
1296 3068 1376 3108 453
1396 3064 1562 3115 Bonn.,·
1592 3062 1702 3105 idem
1732 3062 1782 3105 de
1814 3062 1964 3104 Mario

231 3143 484 3196 imperatore
523 3140 780 3181 narraverat
816 3135 1036 3185 Malalas,
1080 3137 1133 3187 cf.
1167 3134 1314 3176 Herm.
1347 3137 1373 3175 6
1403 3147 1453 3187 p.
1484 3131 1596 3185 368),
1638 3145 1723 3173 non
1765 3130 1963 3187 conpleto

231 3211 406 3252 biennio
437 3209 606 3264 imperii
639 3206 796 3249 Euseb.
826 3205 866 3247 h.
899 3203 994 3248 ecel.
1015 3207 1053 3254 7,
1080 3207 1144 3253 10,
1176 3202 1359 3257 Eutrop.
1388 3205 1425 3252 9,
1446 3204 1472 3243 5
1498 3201 1552 3254 ef.
1587 3199 1730 3242 Victor
1755 3199 1875 3243 Caes
1897 3201 1964 3249 31,

230 3280 404 3323 Jordan.
445 3278 539 3320 Get.
573 3281 634 3327 19,
668 3279 768 3325 106,
802 3281 1029 3330 postquam
1072 3272 1300 3328 imperavit
1337 3284 1506 3313 menses
1546 3269 1703 3312 XVIII
1741 3267 1965 3322 Demippus

230 3364 298 3403 ap.
331 3347 569 3403 Syncellum
602 3360 649 3400 p.
674 3348 752 3386 706
782 3343 875 3395 (ubi
905 3342 1177 3391 additur‚.ab
1210 3340 1311 3382 aliis
1342 3339 1466 3389 duos,
1500 3338 1554 3380 ab
1587 3337 1687 3380 aliis
1715 3340 1800 3380 tres
1829 3349 1964 3379 annos
