2242 3672
0 884 9 891 ς
0 828 3 848 v
0 747 12 803 νῆφε.
0 327 16 736 ν-ὶφιᾞ-γη-ςξᾳτψπψπψψνψν
0 312 1 315 Α
0 298 2 300 «
0 239 7 281 -,,,,,
0 196 3 199 .
0 147 1 150 .
0 53 4 63 v
2 6 9 13 <

195 252 456 289 STATILIVS
1062 248 1146 290 263
1756 251 2014 290 STATILIVS

279 385 466 431 Σισέννας
482 383 638 442 Ταῦρος
656 384 770 428 solus
785 384 944 428 Dionis
958 384 1046 428 ind.
1065 384 1091 428 l.
1103 386 1170 428 57.
1187 410 1238 415 -—
1250 385 1308 428 In
1323 384 1460 428 titulis
1480 384 1728 428 libertorum
1744 387 1784 428 et
1801 398 2018 428 servorum

281 454 465 497 Sisenna
510 453 739 509 [St]atilius
784 455 957 496 Taurus
999 453 1089 508 (sed
1126 455 1310 508 fortasse
1353 454 1465 496 inter
1509 453 1718 497 Sisennae
1762 456 1802 496 et
1847 453 2020 497 Statilii

278 522 486 564 voeabula
506 522 643 577 plura
672 522 912 577 perierunt)
945 522 1102 573 V332,
1147 522 1349 578 Sisenn[a
1378 522 1590 578 Statilius]
1622 523 1796 565 Taurus
1826 522 1908 565 XJ
1923 525 2015 573 669,

279 589 463 633 Sisenna
495 591 692 634 Statilius
724 591 793 633 VI
816 593 945 641 6358,
989 591 1175 634 Sisenna
1205 591 1378 634 Taurus
1416 591 1565 634 V409.
1597 593 1693 642 878,
1728 591 1914 634 Sisenna
1944 588 2015 632 VI

280 661 403 703 6217.
437 662 561 702 6312.
593 661 721 702 6328.
753 661 861 701 6543
892 657 995 711 (nisi
1020 660 1067 702 in
1093 663 1120 703 t.
1144 663 1254 703 6217
1274 659 1534 715 intelleyitur
1556 660 1607 703 L.
1630 659 1816 703 Sisenna
1845 659 2015 713 aliquis,

278 727 437 770 scilicet
467 728 516 769 L.
545 726 767 770 Cornelius
789 726 1005 782 Sisenna).
1050 727 1284 771 Praeterea
1315 728 1564 783 Σεισέννα(ς)
1598 727 1830 783 [Στατίλιος]
1863 726 2018 784 Ταῦρος

280 799 308 838 t.
339 796 609 850 Thespiensis
629 796 766 838 Inser.
796 794 950 838 Graec.
982 799 1085 851 sept.
1108 797 1142 839 I
1165 799 1285 847 1854,
1320 796 1515 840 Statilius
1543 796 1727 840 Sisenna
1758 795 1861 839 Vell.
1883 798 1927 846 2,
1950 798 2016 838 14.

370 865 460 907 Titi
491 878 754 919 praenomen
799 865 839 906 ei
877 865 1029 907 tribuit
1066 865 1180 907 solus
1219 865 1304 908 ind.
1347 864 1506 908 Dionis
1546 865 1716 922 (liberti
1760 865 1849 909 Titi
1884 878 2018 920 prae-

278 934 446 976 nomine
475 933 706 975 utebantur
745 932 785 974 V
806 936 902 976 409.
946 933 1014 975 VI
1036 936 1171 986 6543).
1232 934 1282 976 Τ.
1315 933 1343 978 f.
1376 933 1535 976 Dionis
1564 934 1651 977 ind.
1685 934 1710 976 l.
1742 936 1808 978 57.
1875 933 2019 988 Nepos

277 1002 443 1045 videtur
478 1002 524 1045 T.
558 1001 728 1045 Statilii
763 1002 899 1044 Tauri
938 1002 1120 1045 consulis
1162 1017 1201 1044 a.
1235 1006 1327 1045 717.
1362 1006 1458 1054 728,
1499 1002 1616 1057 filius
1656 1003 1839 1057 fortasse
1885 1002 2022 1044 Tauri

279 1072 495 1114 triumviri
531 1071 754 1114 monetalis
795 1085 834 1115 a.
868 1074 965 1122 742,
1005 1071 1145 1125 frater
1183 1072 1322 1114 minor
1365 1072 1411 1114 T.
1450 1071 1621 1114 Statilii
1659 1071 1796 1113 Tauri
1834 1069 2018 1113 consulis

281 1155 321 1183 a.
345 1155 393 1196 p.
423 1140 526 1184 Chr.
560 1143 636 1190 11,
675 1143 825 1182 natum
866 1143 1007 1182 autem
1047 1153 1134 1183 esse
1175 1154 1226 1183 eoe
1257 1139 1455 1183 Cornelia
1495 1140 1644 1193 aliqua
1673 1139 1878 1183 Sisennae
1908 1138 2016 1194 filia,

278 1210 462 1264 fortasse
506 1209 602 1264 filia
647 1209 737 1251 eius
780 1209 854 1262 qui
895 1212 1155 1251 memoratur
1193 1208 1284 1251 Dio
1322 1210 1397 1260 54,
1428 1212 1500 1259 27,
1545 1208 1724 1251 ostendit
1755 1221 2020 1263 praenomen

281 1278 508 1334 (Boryhesi
527 1292 622 1332 opp.
643 1281 686 1328 2,
707 1276 822 1332 325).
881 1276 950 1331 Cf.
971 1280 1148 1320 stemma
1162 1278 1431 1332 propositum
1451 1277 1575 1331 infra
1597 1291 1644 1331 p.
1662 1280 1759 1320 264.
1780 1301 1832 1306 —
1856 1276 2020 1320 Consul

281 1347 371 1391 ord.
394 1363 432 1390 a.
454 1362 496 1403 p.
520 1346 623 1390 Chr.
649 1347 700 1389 16
726 1361 825 1388 cum
847 1346 897 1389 L.
923 1346 1150 1389 Scribonio
1172 1345 1343 1389 Libone
1364 1346 1482 1400 fasti.
1515 1345 1721 1388 Pontifex
1752 1345 1901 1390 V332.
1922 1348 2019 1389 878.

281 1417 471 1459 Domum
502 1415 634 1458 habet
663 1416 708 1457 in
740 1415 906 1457 Palatio
938 1415 1156 1471 quondam
1181 1414 1404 1458 Ciceronis
1436 1414 1537 1458 Vell.
1566 1418 1609 1465 2,
1631 1417 1697 1459 14.
1750 1414 2023 1457 Memoratur

281 1487 326 1528 in
356 1485 493 1527 titulis
523 1484 770 1527 libertorum
799 1498 1092 1539 servorumque
1112 1485 1293 1539 repertis
1313 1484 1477 1527 Romae
1507 1484 1552 1526 in
1573 1486 1838 1526 monumento
1866 1483 1912 1525 in
1940 1497 2021 1537 quo

282 1554 554 1598 Statiliorum
580 1554 820 1596 Taurorum
844 1554 987 1596 liberti
1006 1557 1045 1596 et
1071 1554 1182 1596 servi
1198 1554 1358 1596 mortui
1387 1552 1512 1595 condi
1540 1552 1734 1595 solebant
1759 1552 1813 1594 ab
1835 1551 2024 1607 Auyusti

282 1624 537 1678 temporibus
567 1637 696 1677 usque
719 1623 777 1665 ad
796 1622 1024 1666 Claudium
1046 1623 1114 1666 VI
1128 1626 1253 1667 6217.
1276 1626 1403 1666 6312.
1427 1625 1555 1666 6328.
1578 1624 1698 1665 6358.
1720 1623 1826 1664 6543
1847 1621 1950 1677 (nisi
1976 1621 2023 1662 in

278 1693 429 1735 horum
457 1706 541 1735 uno
573 1692 755 1735 alterove
786 1691 1081 1746 intelliyendus
1111 1695 1173 1734 est
1200 1692 1318 1748 filius
1342 1692 1381 1734 is
1402 1692 1476 1746 qui
1494 1690 1712 1745 sequitur),
1727 1693 1958 1745 praeterea
1976 1690 2023 1731 in

279 1762 485 1804 Histricis
507 1761 650 1804 V332.
671 1764 767 1811 409,
790 1760 1056 1814 Aquileiensi
1076 1761 1289 1803 V878.—
1306 1761 1453 1804 Uxor:
1475 1759 1680 1808 Cornelia
1701 1762 1730 1801 t.
1753 1759 2023 1814 Thespiensis

279 1832 417 1874 Inser.
447 1830 600 1873 Graec.
624 1833 727 1885 sept.
749 1830 784 1873 Ι
805 1832 913 1872 1854
944 1829 1024 1884 (iel
1044 1831 1228 1884 fortasse
1253 1830 1361 1885 filia,
1395 1830 1435 1872 si
1462 1832 1648 1872 statuere
1679 1828 1786 1879 licet,
1821 1828 2022 1886 θυγατέρα

282 1900 479 1942 omissum
510 1912 596 1942 esse
625 1913 740 1941 more
768 1898 950 1949 Graeco,
984 1899 1039 1952 cf.
1071 1899 1194 1953 infra
1221 1913 1263 1941 n.
1285 1901 1371 1941 623
1402 1897 1574 1941 Statilia
1605 1896 1842 1951 Cornelia).

194 1969 279 2011 614
311 1974 527 2010 SISENNA
569 1968 850 2023 (STATILIVS
890 1969 1122 2023 TAVRVS),
1164 1967 1281 2023 filius
1317 1970 1365 2009 ut
1391 1966 1556 2009 videtur
1587 1966 1676 2008 eius
1705 1966 1779 2019 qui
1799 1965 2023 2020 praecedit

282 2037 354 2091 (cf.
389 2038 630 2080 Mommsen
662 2035 773 2081 CIL.
807 2036 876 2079 VI
889 2051 939 2091 p.
961 2039 1052 2087 995,
1077 2036 1142 2091 6):
1182 2036 1310 2078 huius
1338 2035 1499 2078 seilicet
1530 2035 1743 2078 Sisennae
1773 2033 1892 2089 f(ilii)
1924 2049 2022 2076 eon-

282 2106 444 2149 laeteus
467 2107 484 2161 ζ
487 2106 687 2148 servulus
709 2106 940 2148 defunctus
972 2120 1188 2148 annorum
1212 2105 1435 2161 quattuor)
1469 2104 1538 2146 VI
1556 2106 1680 2154 6324,
1712 2103 1810 2145 item
1829 2102 1955 2144 huius
1975 2105 2023 2143 ut

280 2175 445 2218 videtur
474 2175 694 2218 Sisennae
735 2182 892 2217 strator
933 2182 1140 2231 paternus
1187 2174 1256 2216 VI
1287 2176 1411 2216 6352.
1470 2172 1706 2214 Praeterea
1747 2171 1838 2222 hic,
1884 2170 2024 2213 iudice

284 2244 561 2294 Mommseno,
595 2244 779 2287 Sisenna
806 2243 989 2298 [aug]ur,
1022 2244 1147 2284 euius
1178 2243 1335 2285 liberta
1366 2241 1434 2284 VI
1457 2244 1564 2284 6570
1596 2239 1714 2292 (nam
1744 2239 1889 2282 consul
1919 2240 2026 2282 anni

281 2328 328 2367 p.
358 2312 460 2355 Chr.
493 2316 547 2355 16
585 2313 671 2367 fuit
700 2313 932 2368 pontifex).
994 2311 1169 2354 Videtur
1199 2311 1421 2364 defunctus
1452 2322 1537 2351 esse
1575 2308 1841 2359 adulescens,
1882 2321 2023 2350 sacer-

285 2382 398 2424 dotio
430 2385 607 2424 ornatus
637 2381 695 2424 ad
722 2381 900 2424 honores
929 2395 1015 2423 non
1037 2381 1290 2435 pervenisse.

199 2451 282 2493 615
313 2457 356 2493 Τ.
390 2457 650 2493 STATILIVS
681 2457 876 2492 TAVRVS
909 2465 994 2492 eos.
1018 2465 1055 2493 a.
1078 2450 1174 2493 717.
1198 2449 1292 2492 728.
1342 2447 1496 2490 Tituli:
1527 2446 1779 2489 Vulceianus
1801 2445 2022 2488 Lucaniae

281 2520 330 2563 X
355 2524 438 2563 409
467 2520 550 2575 (1),·
577 2519 811 2562 Ilicitanus
840 2520 1083 2574 Hispaniae
1113 2519 1175 2561 II
1198 2520 1307 2561 3556
1337 2516 1414 2573 (2).

370 2589 420 2632 Τ.
452 2589 481 2632 f.
515 2593 543 2632 t.
573 2593 624 2641 1,·
654 2590 763 2643 fasti
792 2589 992 2647 triumph.
1022 2588 1127 2643 Gap.
1187 2588 1329 2630 Homo
1360 2601 1502 2628 novus
1534 2584 1635 2629 Vell.
1666 2588 1711 2636 2,
1738 2587 1826 2627 127
1855 2583 2021 2636 (notan-

284 2658 402 2710 dum,
446 2672 570 2701 avum
608 2673 693 2701 non
731 2658 963 2700 memorari
991 2659 1038 2700 in
1067 2657 1193 2712 fastis
1220 2654 1518 2710 Capitolinis);
1557 2653 1838 2696 nihilominus
1870 2667 1918 2694 eo
1950 2652 2021 2694 ad-

282 2729 424 2771 iutore
466 2743 569 2770 usus
612 2735 677 2770 est
707 2727 953 2782 Augustus,
998 2727 1197 2783 proxime
1234 2741 1259 2767 a
1290 2725 1348 2767 M.
1378 2723 1577 2780 Agrippa
1613 2723 1670 2765 ib.
1728 2720 1892 2765 Consul
1925 2721 2020 2763 suff.

283 2811 322 2839 a.
345 2797 426 2839 ‘717
449 2797 558 2850 fasti
575 2796 816 2839 Biondiani
837 2795 975 2851 (CIL.
998 2796 1032 2838 I
1057 2795 1118 2838 ed.
1141 2798 1172 2838 2
1192 2809 1242 2849 p.
1260 2793 1341 2848 65),
1376 2807 1474 2835 eum
1504 2792 1562 2836 M.
1586 2790 1784 2847 Agrippa
1805 2791 1836 2832 I
1844 2789 1883 2832 V
1895 2792 2019 2832 2437.

283 2865 355 2920 (A.
379 2866 481 2920 718)
513 2866 607 2908 dux
632 2865 830 2909 Caesaris
861 2864 974 2908 bello
998 2864 1214 2908 Siciliensi
1247 2868 1397 2905 eontra
1423 2861 1524 2905 Sex.
1553 2860 1806 2916 Pompeium
1827 2859 2018 2913 Appian.

284 2935 322 2977 b.
354 2949 388 2977 ε.
418 2937 457 2985 5,
480 2938 637 2979 97-99.
668 2938 762 2978 103.
794 2927 889 2978 105.
922 2937 1017 2978 109.
1048 2936 1153 2985 11s;
1193 2931 1314 2976 Oros.
1342 2934 1380 2982 6,
1409 2933 1476 2981 18,
1499 2933 1568 2974 21.
1591 2932 1673 2980 sa·
1699 2943 1778 2985 per
1809 2942 1917 2981 eum,
1949 2926 2019 2968 de-

283 3005 393 3046 iecto
425 3003 615 3060 Lepido,
658 3003 854 3045 Africam
885 3002 1047 3046 Caesar
1077 3002 1242 3058 recepit
1271 3001 1360 3044 Dio
1389 3003 1457 3051 49,
1490 3003 1543 3041 14
1574 2998 1774 3053 (fortasse
1805 2999 1902 3038 tune
1923 2996 2020 3050 pri-

279 3087 394 3115 mum
439 3072 680 3127 appellatus
726 3073 971 3127 imperator,
1018 3072 1073 3125 cf.
1118 3071 1273 3126 infra).
1349 3068 1478 3112 Circa
1522 3067 1631 3109 haee
1676 3072 1780 3122 puto
1823 3071 2019 3120 tempora

282 3142 470 3183 ‘moenia
499 3140 763 3195 Karthagini
800 3141 1021 3197 imposuit’
1058 3139 1308 3182 Tertullian.
1342 3138 1392 3180 de
1411 3136 1555 3192 pallio
1585 3139 1610 3178 1
1642 3134 1735 3189 (ubi
1764 3132 1896 3175 tastil-
1930 3136 2017 3174 tra-

282 3210 399 3253 ditur
421 3224 506 3265 pro
538 3210 706 3263 statil·).
774 3208 1013 3253 Proconsul
1055 3207 1342 3263 triumphavit
1381 3222 1435 3248 ex
1467 3204 1617 3247 Africa
1647 3203 1688 3246 d.
1720 3203 1775 3245 30
1805 3202 1902 3246 Iun.
1935 3201 2018 3243 720

277 3282 375 3321 acta
418 3278 617 3333 triumph.
656 3277 762 3333 Cap.
804 3281 855 3321 et.
887 3277 1026 3321 Barb.
1070 3275 1363 3332 (triumphalis
1405 3274 1517 3317 Suet.
1562 3272 1664 3315 Ner.
1696 3271 1779 3317 35).
1852 3269 2014 3311 Eodem

280 3362 393 3390 anno
424 3346 583 3390 bellum
616 3348 752 3402 gessit
773 3361 870 3389 eum
892 3345 1107 3388 Dalmatis
1128 3345 1320 3400 Appian.
1342 3343 1419 3387 Ill.
1442 3346 1514 3392 27,
1546 3340 1634 3383 Dio
1654 3343 1721 3389 49,
1742 3341 1798 3382 38
1818 3337 2017 3392 (fortasse
