2242 3672
109 249 332 286 VETTIVS
359 256 363 260 ’
409 256 420 281 ἰ
433 256 436 260 ’
984 246 1067 294 415
1601 252 1940 298 VETTVLENVSJ

197 382 349 441 plebis,
382 383 498 425 sevir
529 384 726 439 equitum
752 384 1059 436 Romanorum,
1091 391 1278 441 praetor,
1310 385 1478 440 legatus
1500 386 1752 442 provinciae
1771 386 1936 429 Narbo-

197 453 358 507 nensis,
382 451 623 507 [iuridicus]
647 453 898 508 provinciae
920 453 1174 497 Britanniae
1203 458 1230 499 t.
1248 454 1537 497 Ariminensis
1556 455 1681 498 semel
1703 455 1937 511 descriptus

196 521 279 565 XI
299 523 400 564 383.

112 592 196 634 345
228 591 287 634 M.
323 591 493 634 Vettius
520 589 694 644 Valens,
727 591 788 633 M.
820 590 862 645 f.,
896 591 1013 634 tribu
1033 592 1133 635 Ani.
1166 593 1471 648 (Ariminensis
1499 594 1593 636 sine
1624 593 1782 649 dubio),
1813 593 1936 636 miles

198 659 388 716 gregalis
411 659 600 702 cohortis
622 660 877 715 praetoriae,
906 660 1030 702 donis
1050 661 1310 705 militaribus
1332 662 1519 705 donatus
1539 661 1655 704 bello
1682 663 1936 706 Britannico

199 728 384 784 (scilicet
406 728 638 772 Claudium
661 743 711 771 eo
735 729 966 771 comitatus
992 745 1105 772 anno
1127 731 1214 785 43),
1248 746 1325 787 per
1346 732 1492 774 varios
1522 731 1731 774 militares
1752 731 1937 774 honores

199 799 411 855 (centuria
441 797 625 841 cohortis
654 797 863 840 secundae
884 800 1137 853 praetoriae
1156 814 1283 854 quam
1303 801 1415 843 rexit
1438 804 1699 843 memoratur
1718 800 1799 843 XI
1811 801 1936 855 6059)

201 875 379 911 evectus
420 882 558 924 usque
599 867 655 912 ad
695 867 944 910 tribunatus
986 868 1175 911 cohortis
1206 871 1359 912 tertiae
1400 871 1645 926 praetoriae
1676 877 1718 912 et
1747 869 1933 924 legionis

200 936 578 995 quartaedecimae
621 936 835 981 Geminae
874 936 1061 979 Martiae
1091 938 1319 992 Victricis3
1360 955 1398 982 a.
1430 940 1484 982 66
1526 946 1783 996 procurator
1821 938 1935 994 Aug.

198 1008 451 1064 provinciae
472 1007 750 1060 Lusitaniae3
781 1012 991 1063 patronus
1023 1006 1216 1049 coloniae
1249 1007 1573 1063 (Ariminensis)
1605 1011 1631 1050 t.
1652 1008 1938 1050 Ariminensis

200 1076 327 1120 semel
345 1076 581 1131 descriptus
600 1075 681 1118 XI
693 1078 790 1120 395.
850 1075 1027 1117 Patrem
1057 1089 1143 1118 esse
1174 1076 1240 1118 M.
1274 1076 1402 1119 Vettii
1432 1077 1631 1126 Valentis,
1664 1078 1737 1131 qui
1765 1078 1939 1119 summis

199 1145 431 1189 honoribus
460 1145 656 1187 Arimini
683 1145 855 1199 functus
885 1148 947 1187 est
978 1145 1054 1187 sub
1092 1145 1296 1188 Traiano
1315 1146 1417 1201 (XI
1435 1145 1553 1200 421),
1596 1159 1720 1188 avum
1750 1147 1839 1188 eius
1868 1147 1942 1200 qui

197 1215 433 1271 praecedit,
466 1215 643 1258 coniecit
678 1215 885 1258 Toninius
915 1213 987 1268 (cf.
1021 1214 1079 1257 ad
1106 1214 1187 1257 XI
1210 1215 1236 1259 l.
1269 1218 1334 1272 0.).

115 1285 200 1328 346
232 1292 273 1328 G.
305 1291 497 1327 VETTIA
530 1290 698 1326 GRATA
727 1283 967 1326 clarissima
997 1283 1163 1340 puella,
1208 1299 1320 1341 quae
1350 1286 1462 1326 vixit
1502 1284 1648 1341 paullo
1685 1284 1783 1340 plus
1814 1285 1938 1326 annis

87 1382 96 1391 ·
134 1360 136 1362 '
202 1353 373 1397 duobus
404 1357 432 1396 t.
455 1350 673 1409 Amalfiae
691 1368 780 1408 rep.
802 1353 852 1396 X
869 1356 950 1396 648
972 1368 1020 1408 p.
1040 1356 1159 1398 1005.
1211 1353 1314 1396 Sine
1336 1353 1463 1396 dubio
1484 1368 1534 1397 ex
1556 1357 1678 1408 yente
1709 1353 1940 1396 Vettiorum

206 1422 443 1466 Gratorum
472 1436 607 1478 supra
632 1437 675 1465 n.
701 1425 790 1466 328
809 1436 892 1477 seq.

114 1493 199 1536 347
230 1499 587 1536 VETTONIANVS
610 1492 760 1534 consul
782 1491 898 1548 (suff.
922 1507 962 1535 a.
984 1491 1084 1547 inc.)
1109 1507 1208 1534 cum
1230 1491 1417 1535 Corellio
1439 1491 1566 1534 XIV
1577 1495 1703 1535 4276.
1734 1490 1940 1533 Fortasse

200 1562 252 1606 L.
267 1561 567 1605 Funisulanus
587 1562 863 1605 Vettonianus
884 1562 1048 1617 leyatus
1063 1561 1318 1604 Pannoniae
1341 1575 1453 1604 anno
1468 1564 1535 1611 84,
1559 1561 1718 1616 colleya
1735 1559 1941 1604 Corellius

198 1630 347 1685 Rufus
376 1630 539 1686 leyatus
567 1630 827 1674 Germaniae
856 1632 1093 1686 superioris
1124 1645 1164 1673 a.
1194 1633 1268 1675 82.

115 1700 199 1743 348
231 1699 654 1756 [V]ETTO[NI]ANVS
694 1698 849 1755 (periit
886 1714 1037 1743 nomen
1076 1700 1188 1754 quod
1218 1700 1464 1755 praecedit,·
1509 1699 1620 1753 quod
1651 1699 1804 1754 paullo
1845 1701 1942 1741 ante

202 1773 392 1825 superest
413 1803 422 1812 .
441 1803 451 1813 .
470 1788 586 1827 μπων
609 1771 762 1825 Loewy
774 1785 822 1826 p.
846 1774 926 1814 124
953 1771 1130 1813 coniecit
1157 1783 1372 1825 superesse
1399 1784 1449 1812 ew
1469 1769 1698 1824 Pomponii
1712 1767 1940 1823 yentilicio,

204 1840 394 1894 coyitans
431 1839 480 1882 cle
519 1839 754 1894 Pomponio
795 1840 1059 1883 Mamiliano
1090 1840 1340 1882 Antistiano
1375 1838 1646 1881 Funisulano
1679 1837 1940 1886 Vettoniano‚

208 1908 262 1963 cf.
292 1921 427 1963 supra
455 1908 535 1951 vol.
567 1909 601 1951 I
614 1924 664 1964 p.
694 1911 770 1960 84,
802 1909 863 1952 II
877 1924 925 1964 p.
949 1912 1036 1952 326
1064 1923 1105 1953 n.
1134 1912 1212 1959 93,
1246 1909 1590 1964 confirmavitque
1620 1905 1841 1960 Heberdey
1869 1906 1945 1959 qui

204 1978 367 2033 excepit
395 2011 404 2020 .
424 2011 432 2019 .
452 1994 593 2035 ομπων
614 2012 622 2020 .
642 2012 651 2020 .
673 1978 715 2033 .).
739 2003 791 2008 —-
814 1979 1009 2033 Legatus
1041 1993 1119 2035 pro
1143 1994 1208 2035 pr.
1230 1993 1353 2035 prOV.
1374 1978 1539 2034 Lyciae
1571 1983 1614 2019 et
1644 1973 1940 2032 Pamphyliae,

206 2045 287 2089 sub
328 2046 556 2090 Hadriano
598 2048 703 2101 (non
743 2054 841 2104 post
880 2063 1044 2090 annum
1088 2047 1290 2101 129l130)
1331 2046 1514 2102 epistula
1552 2046 1691 2088 incisa
1729 2043 1941 2087 mausoleo

212 2116 453 2171 Opramoae
480 2116 852 2172 Rhodiapolitani,
885 2117 1043 2160 Reisen
1063 2118 1111 2159 in
1130 2117 1294 2172 Isykien
1315 2132 1364 2171 p.
1385 2119 1452 2158 83.
1475 2118 1557 2158 103
1585 2115 1619 2157 I
1623 2114 1682 2157 Vb
1711 2114 1766 2167 cf.
1791 2113 1942 2167 Loewy

203 2185 261 2228 ib.
291 2201 340 2240 p.
367 2189 466 2230 124.
497 2189 601 2238 133;
632 2186 853 2241 Heberdey
884 2186 1125 2241 Opramoas
1146 2201 1194 2241 p.
1218 2189 1283 2230 13.

131 2280 189 2285 -—
233 2262 277 2298 L.
310 2262 661 2299 FVNISVLANVS
692 2262 1064 2299 VETTONIANVS.

135 2349 185 2353 —-—
234 2329 277 2368 T.
290 2323 351 2379 (9)
374 2357 382 2367 .
401 2357 411 2366 .
431 2357 440 2366 .
458 2329 639 2367 PONIVS
660 2331 982 2367 MAMILIANVS
1008 2330 1169 2367 RVFVS
1191 2327 1526 2365 ANTISTIANVS
1558 2319 1938 2373 FVNISVLANWS]

201 2399 573 2436 VETTONIANVS.

118 2462 202 2504 349
234 2461 480 2505 Vetulenus
511 2461 720 2518 Aegialus
752 2462 830 2515 (sic
858 2462 990 2513 Plin.,
1023 2477 1247 2517 coynomen
1277 2461 1412 2504 solum
1433 2461 1561 2515 ponit
1592 2459 1783 2515 Seneca),
1816 2457 1942 2499 liber-

205 2532 334 2587 tinus,
368 2532 636 2588 temporibus
659 2532 852 2575 Senecae
874 2533 988 2574 ruris
1009 2532 1239 2585 Liternini,
1274 2529 1390 2586 quod
1412 2529 1514 2571 olim
1541 2528 1756 2584 Scipionis
1787 2527 1938 2579 fuerat,

206 2614 449 2656 possessor,
495 2599 851 2655 diligentissimus
894 2601 985 2655 agri
1028 2600 1169 2642 cultor
1208 2606 1340 2656 atque
1384 2613 1464 2655 per
1507 2612 1603 2639 eam
1649 2610 1739 2639 rem
1782 2594 1939 2636 famam

207 2668 392 2726 adeptus
419 2669 581 2712 Seneca
611 2684 673 2724 ep.
697 2672 765 2720 86,
788 2673 853 2712 14.
874 2673 955 2721 21;
983 2665 1101 2711 Pli'n.
1124 2669 1163 2711 h.
1185 2683 1226 2711 n.
1249 2672 1313 2718 14,
1335 2671 1403 2712 49.

121 2738 206 2780 350
236 2737 569 2792 [V]ETVLENVS
592 2737 945 2793 [AJPRONIANVS
968 2737 1136 2792 legatus
1158 2736 1341 2792 legionis
1364 2736 1424 2791 [H
1445 2733 1702 2788 Adiutricis]
1727 2737 1753 2776 t.
1777 2731 1940 2785 Aquin-

206 2806 341 2849 censis
369 2807 458 2849 III
481 2806 528 2850 S.
559 2810 709 2850 10395.
1954 2815 1956 2818 ’

120 2874 199 2916 351
237 2880 345 2916 SEX.
378 2881 712 2917 VETTVLENVS
755 2882 1002 2918 CERIALIS.
1072 2876 1173 2918 Sex.
1219 2874 1475 2917 Vettulenus
1513 2870 1695 2914 Cerialis
1730 2870 1777 2912 X
1813 2872 1937 2921 4862,

208 2941 426 3000 Κερεάλιος
467 2942 716 2991 Οὐετιλιανός
755 2944 946 2993 traditur
986 2943 1153 2998 Ioseph.
1193 2942 1285 2985 bell.
1319 2945 1356 2992 7,
1390 2945 1427 2992 6,
1460 2945 1509 2991 1,
1550 2940 1693 2986 Σέξτος
1723 2937 1941 2993 Κερεάλιος

205 3012 262 3055 ib.
284 3016 322 3067 6,
343 3016 384 3063 4,
405 3016 433 3055 3
462 3013 639 3068 itemque
669 3015 730 3056 sic
759 3013 823 3056 vel
855 3013 1028 3059 Σέκστος
1054 3011 1272 3069 Κερεάλιος
1302 3012 1358 3053 ib.
1385 3014 1424 3061 3,
1453 3013 1489 3060 7,
1511 3012 1565 3051 34
1596 3009 1798 3050 bonorum
1828 3005 1940 3048 codi-

208 3095 300 3123 cum
322 3094 444 3136 pars,
478 3095 572 3124 cum
602 3081 682 3124 alii
710 3096 796 3124 non
815 3083 954 3123 minus
977 3081 1077 3123 boni
1095 3080 1266 3126 Σέκστος
1288 3078 1538 3134 Καλουάριος
1556 3076 1754 3124 habeant,
1787 3073 1938 3131 Κερεά-

208 3153 290 3197 λιος
312 3150 369 3193 ib.
390 3153 430 3201 3,
455 3154 491 3201 7,
511 3153 583 3193 32.
614 3154 653 3201 4,
674 3154 713 3201 9,
734 3154 771 3193 9.
804 3154 842 3200 6,
865 3154 908 3199 2,
930 3153 968 3192 5.
1000 3150 1072 3191 vit.
1095 3152 1158 3192 75.
1205 3149 1260 3190 In
1287 3152 1314 3192 t.
1338 3147 1515 3189 Pontico
1546 3146 1618 3200 (cf.
1639 3143 1776 3197 infra)
1798 3157 1940 3197 super-

207 3222 305 3261 sunt
335 3233 386 3262 eae
404 3220 686 3274 praenomine
721 3219 962 3261 litterarum
993 3217 1094 3260 ΣΕΞ
1126 3217 1304 3272 vestiqia
1334 3219 1373 3258 et
1403 3228 1637 3269 coynomen.
1667 3237 1725 3242 -
1755 3212 1941 3254 Maritus

211 3287 373 3330 Lusiae
404 3287 643 3340 Paullinae,
682 3301 818 3342 gener
847 3286 907 3328 M.
939 3284 1125 3339 Vergilii
1156 3283 1272 3328 Galli
1303 3284 1439 3336 Lusii,
1473 3279 1745 3338 equestribus
1776 3279 1941 3323 militiis

209 3355 346 3408 functi
377 3355 457 3399 sub
488 3357 689 3408 Augus÷0
722 3362 763 3397 et
795 3355 862 3397 Ti.
890 3353 1077 3397 Caesare
1107 3353 1155 3395 X
1176 3355 1301 3395 4862.
1353 3349 1474 3393 Bello
1507 3349 1683 3392 Iudaico
1715 3365 1751 3393 a.
1784 3349 1853 3393 67.
1886 3349 1940 3392 70
