2242 3672
230 214 567 256 SALVIDIENVS
1103 211 1184 254 163
1709 217 2047 255 SALVIDIENVS

318 345 406 389 Titi
424 344 626 389 Caesaris
647 345 796 401 (Num.
820 347 1030 391 ehronicle
1048 351 1088 400 5,
1109 351 1218 392 1843
1229 363 1277 403 p.
1292 352 1380 393 192
1388 362 1402 400 ;
1426 348 1543 392 Brit.
1565 349 1682 393 Mus.
1705 349 1732 392 l.
1754 363 1788 393 c.
1801 363 1851 404 p.
1868 352 1970 400 122,
1992 349 2048 404 1),

311 414 558 458 Domitiani
578 414 778 457 Caesaris
795 414 1004 467 (nummus
1026 418 1080 460 ab
1097 417 1306 472 Imhoofio
1324 417 1553 473 indicatus)
1573 419 1773 473 inscripti
1791 418 1855 461 ἐπὶ
1874 417 1931 461 Μ.
1948 419 2050 461 Σαλ-

316 476 501 540 ουιδήνου
525 482 721 540 Ἀσπρήνα
743 486 972 528 ἀνθυπάτου
1005 486 1082 540 (sic
1111 487 1157 528 in
1186 500 1357 530 nummo
1376 486 1610 542 Bithyniae
1632 488 1767 530 musei
1786 486 2049 530 Parisiensis

317 554 416 608 leyit
429 552 550 603 Pich,
569 552 770 606 idemque,
788 553 861 595 sed
882 553 1034 596 litteris
1049 571 1128 612 πρη
1146 570 1195 597 coc
1212 553 1406 612 Ἀσπρήνα
1425 555 1626 599 vocabulo
1647 557 1915 611 contionati&
1923 556 2050 611 plene

315 625 432 664 extat
462 622 507 664 in
534 635 704 664 nummo
724 622 859 664 musei
877 622 1129 666 Britannici
1148 623 1275 666 catal.
1293 639 1342 678 p.
1364 627 1466 675 122,
1487 628 1513 667 1
1542 625 1597 679 cf.
1620 624 1751 668 Head
1774 624 1870 668 hist.
1891 639 2047 670 numm.

308 706 356 746 p.
365 693 459 742 438,
471 691 649 745 itemque
659 689 840 747 Ἀσπρήν.
852 691 899 733 in
910 691 1071 734 duobus
1080 693 1262 734 nummis
1272 706 1509 735 museorum
1515 693 1769 736 Italicorum
1781 693 2050 749 aBoryhesio

314 759 464 803 lectusm
494 773 580 802 esse
611 759 816 815 adfirmat
842 759 1105 803 Cavedonius
1131 775 1230 803 ann.
1251 762 1349 804 inst.
1370 764 1478 804 1861
1500 777 1547 817 p.
1570 766 1673 814 141;
1695 762 1944 817 plerumnque
1972 763 2050 806 hoc

311 843 464 872 nomen
492 828 603 871 male
622 828 686 871 vel
706 829 948 883 imperfecte
969 832 1184 883 exceptum
1204 830 1269 872 vel
1287 844 1548 884 expressum:
1579 829 1749 886 Ἀσιπην.
1769 845 1883 874 num.
1907 831 2048 876 chron.

312 901 378 948 13,
410 900 532 948 1873,
567 895 704 940 Ἀσινν.
735 897 792 940 ib.
821 899 861 948 5,
892 899 1012 948 1843,
1042 901 1142 949 cet.‚·
1180 913 1267 941 non
1304 902 1414 942 recte
1450 914 1500 942 ex
1531 900 1704 943 lectione
1732 901 1860 943 unius
1888 901 2051 942 nummi

312 966 564 1010 Sestiniana
604 965 674 1009 ΑΣ
692 964 962 1010 ÷1PM1ANA
997 965 1311 1021 Asprenatiani
1350 982 1574 1023 coynomen
1613 968 1751 1021 effecit
1789 969 2049 1024 Boryhesius

313 1050 382 1090 ap.
411 1035 696 1079 Cavedonium
727 1035 754 1078 l.
787 1037 853 1092 c.).
900 1035 973 1090 (In
1002 1049 1172 1078 nummo
1197 1037 1331 1079 musei
1358 1036 1609 1080 Britannici
1627 1052 1677 1092 p.
1699 1041 1802 1089 122,
1824 1041 1850 1080 1
1881 1037 1940 1080 ad
1963 1038 2051 1081 Titi

311 1108 439 1160 caput
469 1104 626 1147 dicitur
656 1104 919 1159 adscriptum
947 1117 1033 1146 esse
1053 1105 1239 1162 αὐτοκρα.
1261 1105 1373 1152 Τίτος
1392 1104 1547 1163 Καῖσαρ
1570 1106 1802 1164 Σεβα[σ]τός
1820 1121 1905 1149 non
1923 1111 2046 1158 recte,

309 1178 357 1217 ut
387 1177 566 1217 testatur
596 1173 716 1224 Pich,
752 1173 826 1227 qui
858 1176 1049 1228 ectypum
1077 1173 1206 1215 vidit:
1247 1177 1307 1216 est
1337 1174 1501 1231 Σεβα[σ.
1532 1175 1660 1230 υ]ἱός).
1728 1175 1795 1229 Cf.
1819 1179 2049 1230 praeterea

311 1245 386 1286 sub
420 1243 486 1286 M.
510 1242 740 1286 Salvideno
771 1241 970 1285 Proculo.
1001 1267 1058 1273 --
1089 1242 1182 1284 Aut
1211 1242 1269 1285 ad
1290 1242 1413 1294 hunc,
1447 1247 1522 1286 aut
1552 1244 1610 1286 ad
1636 1244 1868 1287 Proculum
1898 1244 1954 1298 (n.
1978 1245 2047 1299 89)

305 1313 498 1368 pertinet
517 1325 713 1354 nummus
737 1311 850 1354 inter
875 1311 1217 1354 Palaestinenses
1248 1312 1384 1354 editus
1410 1327 1439 1354 a
1465 1312 1513 1355 de
1542 1313 1702 1368 Saulcy
1725 1314 2049 1368 numismatique

310 1382 360 1424 de
391 1382 435 1424 la
471 1381 599 1424 Terre
630 1380 782 1424 Sainte
812 1378 965 1436 [1874]
987 1395 1036 1435 p.
1057 1383 1126 1431 80,
1158 1381 1213 1435 cf.
1247 1381 1385 1424 Sallet
1415 1382 1620 1427 Zeitschr.
1652 1384 1684 1436 f.
1713 1382 1843 1427 Num.
1875 1386 1914 1433 1,
1939 1385 2049 1426 1874

306 1466 355 1507 p.
375 1454 457 1494 391
486 1453 573 1494 not.
595 1453 648 1492 1..

225 1532 279 1575 87
314 1537 651 1574 SALVIDIENVS
684 1536 896 1573 ORFITVS
929 1530 1007 1586 (sic
1028 1530 1160 1582 Suet„
1192 1529 1358 1574 Orfitus
1390 1532 1506 1586 Tac.)
1539 1547 1564 1573 a
1593 1531 1766 1574 Nerone
1797 1531 2048 1574 interfectus

310 1600 428 1644 Suet.
461 1600 566 1643 Ner.
597 1603 655 1642 37
662 1613 675 1651 ;
705 1600 759 1653 cf.
799 1599 898 1643 Tac.
929 1599 969 1641 h.
1001 1603 1040 1650 4,
1063 1603 1133 1643 42.
1196 1599 1370 1642 Videtur
1398 1614 1484 1643 esse
1512 1600 1606 1643 Ser.
1635 1599 1857 1643 Cornelius
1886 1600 2048 1655 Orfitus

309 1669 454 1712 cansul
483 1668 573 1712 ord.
606 1683 646 1711 a.
672 1671 739 1719 51,
770 1668 864 1711 vide
896 1668 971 1711 sub
1001 1668 1094 1711 Ser.
1124 1667 1322 1712 Cornelio
1353 1669 1587 1725 (Scipione)
1621 1669 1868 1712 Saluidieno
1897 1669 2047 1724 Orfito.

221 1750 277 1792 88
309 1756 646 1792 SALVIDIENVS
678 1755 892 1792 ORFITVS
915 1747 992 1801 (sic
1015 1749 1156 1801 Suet.‚·
1186 1749 1316 1805 Orfiti
1334 1749 1470 1792 solum
1489 1764 1641 1792 nomen
1661 1750 1789 1804 ponit
1809 1749 2046 1806 Philostr),

311 1817 571 1874 consularis,
603 1834 629 1861 a
658 1819 911 1861 Domitiano
943 1820 1132 1875 primum
1163 1818 1406 1873 relegatus,
1448 1819 1606 1861 deinde
1645 1818 1898 1861 interfectus
1930 1818 2047 1862 Suet.

306 1886 436 1930 Dom.
467 1891 541 1940 10;
570 1888 624 1942 cf.
658 1887 952 1930 Philostratus
980 1888 1053 1930 vit.
1084 1887 1230 1942 Apoll.
1263 1891 1301 1939 7,
1332 1890 1372 1930 8.
1399 1891 1476 1939 33,·
1504 1890 1545 1938 8,
1571 1891 1607 1938 7,
1630 1891 1697 1930 10.
1759 1887 1933 1930 Videtur
1963 1901 2049 1930 esse

307 1956 423 2011 filius
444 1957 534 1999 eius
554 1957 628 2011 qui
639 1956 872 2011 praecedit,
888 1959 1019 2011 pater
1041 1956 1135 2001 Ser.
1154 1956 1396 2000 Salvidieni
1419 1956 1550 2012 Orfiti
1569 1956 1751 1999 consulis
1773 1971 1811 2000 a.
1829 1960 1922 2007 110,
1946 1970 2049 1999 avus

307 2025 402 2069 Ser.
423 2025 622 2069 ‘Cornelii
641 2025 860 2080 Scipionis
881 2025 1123 2068 Salvidieni
1150 2025 1283 2081 Orfiti
1310 2025 1494 2068 consulis
1524 2039 1564 2067 a.
1593 2028 1687 2076 149,
1720 2025 1775 2079 cf.
1807 2025 1883 2067 sub
1910 2024 1988 2067 his.

220 2125 277 2130 -—
307 2106 415 2144 SER.
449 2106 731 2143 CORNELIVS
763 2106 921 2142 SCIPIO
952 2106 1287 2142 SALVIDIENVS
1320 2106 1546 2143 ORFITVS.

219 2182 275 2224 89
306 2188 359 2223 Μ.
382 2187 699 2223 SALVIDENVS
721 2187 979 2223 PROCVLVS
1001 2180 1234 2238 proconsul
1252 2181 1488 2237 Bithyniae
1509 2181 1589 2224 sub
1600 2181 1870 2237 Vespasiano
1885 2179 2048 2221 nummi

304 2249 535 2305 Bithyniae
550 2250 614 2292 vel
628 2251 800 2293 urbium
811 2249 1141 2305 Bithynicarum
1159 2264 1253 2292 cum
1266 2251 1404 2305 capite
1419 2254 1459 2293 et
1477 2250 1719 2292 nominibus
1740 2249 1828 2291 Titi
1844 2247 2045 2291 Caesaris

305 2321 427 2376 (mus.
457 2319 620 2375 Berol.)
653 2323 691 2361 et
720 2319 966 2362 Domitiani
992 2318 1194 2362 Caesaris
1224 2319 1344 2375 (mus.
1374 2319 1551 2362 Mediol.
1585 2333 1653 2374 ap.
1687 2318 1885 2360 Mionnet
1904 2316 2041 2371 suppl.

306 2390 397 2440 V2,
421 2391 448 2432 5
468 2408 524 2424 =
544 2391 635 2439 174,
653 2390 780 2444 1011)
803 2389 1002 2443 inscripti
1020 2388 1084 2431 ἐπὶ
1102 2388 1160 2431 Μ.
1182 2388 1455 2443 Σαλουιδήνου
1476 2388 1661 2446 Πρόκλου
1685 2387 1830 2430 ἀνθυπ.
1862 2384 2042 2441 (Eodem

303 2459 532 2513 pertinent,
552 2457 626 2500 sed
646 2457 757 2499 male
778 2456 876 2499 lecti
892 2460 992 2500 sunt
1010 2471 1204 2500 nummus
1227 2472 1295 2512 ap.
1316 2457 1514 2500 Mionnet
1534 2457 1596 2499 II
1608 2459 1702 2507 467,
1724 2458 1804 2497 311
1826 2474 1883 2489 =
1903 2453 2039 2508 suppl.

308 2527 430 2578 V84,
451 2529 537 2570 425
564 2527 794 2580 ‘inscriptus
822 2529 871 2568 ut
901 2525 1059 2568 dicitur
1089 2527 1152 2569 ἐπὶ
1177 2525 1234 2569 Μ.
1257 2526 1495 2569 Σουλπικίου
1518 2525 1702 2582 Πρόκλου
1725 2524 1969 2574 ἀνθυπάτου,
2002 2525 2041 2564 et

304 2596 415 2638 alter
444 2595 581 2650 suppl.
615 2594 711 2646 V2,
742 2598 768 2636 4
808 2595 1039 2649 inscriptus
1077 2598 1125 2637 ut
1165 2595 1322 2639 dicitur
1352 2596 1415 2638 ἐπὶ
1456 2594 1512 2638 M.
1544 2594 1669 2637 M...
1701 2593 1886 2651 Πρόκλου
1918 2593 2039 2634 ἀνθυ-

304 2667 456 2719 πάτου;
488 2665 535 2706 in
554 2664 707 2718 quibus
732 2664 860 2706 etiam
886 2664 1030 2706 Titum
1049 2664 1143 2724 Σεβ.
1167 2664 1264 2715 dici,
1289 2679 1376 2719 pro
1394 2665 1598 2722 Σεβαστοῦ
1620 2662 1712 2713 υἱός,
1742 2659 1959 2716 refertur).
1985 2684 2036 2689 —

299 2733 496 2776 Eundem
535 2746 621 2775 esse
653 2732 719 2774 M.
753 2732 1030 2775 Salvidenum
1059 2732 1344 2788 Asprenatem
1374 2734 1430 2789 (n.
1452 2732 1536 2788 86),
1578 2733 1652 2786 qui
1690 2731 1852 2774 duobus
1890 2743 2037 2783 coyno-

299 2803 484 2845 minibus
512 2815 613 2844 usus
642 2801 710 2852 sit,
743 2801 921 2844 coniecit
940 2799 1203 2844 Cavedonius
1228 2816 1324 2844 ann.
1353 2803 1450 2846 inst.
1474 2801 1589 2844 arch.
1611 2803 1718 2843 1861
1740 2815 1789 2854 p.
1811 2802 1901 2841 141.

213 2882 307 2926 90s1
343 2890 389 2925 L.
423 2888 758 2928 SALVIDIENVS
799 2888 960 2924 RVFVS
1002 2888 1283 2925 SALVIANVS
1324 2883 1401 2935 (sic
1432 2882 1533 2937 ἀέρι.
1565 2881 1653 2925 mil.
1686 2895 1726 2923 a.
1756 2883 1826 2930 52,
1858 2879 1909 2922 L.
1943 2876 2034 2920 Sal-

297 2951 497 2993 vidienus
530 2950 765 2994 Salvianus
799 2950 938 2993 Rufus
981 2950 1082 3005 dipl.
1113 2951 1203 2994 mil.
1235 2966 1274 2996 a.
1307 2951 1377 3006 60)
1420 2950 1570 2993 consul
1606 2950 1703 2993 suff.
1736 2964 1773 2991 a.
1804 2949 1858 2990 52
1888 2960 2034 2988 mense

298 3021 405 3062 Dec.
428 3035 527 3062 cum
547 3021 709 3062 Fausto
733 3019 935 3062 Cornelio
958 3019 1081 3063 Sulla
1100 3019 1248 3062 Felice
1271 3020 1373 3076 dipl.
1395 3020 1484 3063 mil.
1506 3019 1613 3075 (III
1626 3033 1675 3073 p.
1698 3017 1809 3071 844).
1841 3016 2032 3070 Legatus

296 3088 464 3144 Illyrici
504 3088 710 3143 (intelleye
750 3087 1041 3138 Pannoniam,
1085 3087 1284 3131 Momms.
1320 3088 1433 3133 CIL.
1466 3089 1555 3131 III
1577 3103 1626 3142 p.
1656 3089 1743 3130 279
1773 3084 1864 3140 fin.)
1906 3099 1944 3126 a.
1976 3084 2031 3125 60

298 3155 399 3212 dipl.
431 3157 519 3199 mil.
552 3155 659 3212 (III
670 3171 719 3211 p.
742 3155 853 3210 845).
911 3155 1117 3199 Fortasse
1157 3171 1208 3199 ex
1238 3158 1425 3212 posteris
1461 3158 1509 3210 Q.
1541 3155 1780 3199 Salvidieni
1806 3153 1926 3209 Rufi,
1957 3153 2032 3208 qui

299 3240 339 3270 a.
369 3240 410 3268 u.
444 3239 477 3267 e.
510 3228 589 3268 714
625 3224 807 3267 insidias
844 3225 1049 3267 struxisse
1081 3224 1258 3268 Caesari
1287 3226 1435 3277 dictus,
1478 3240 1506 3268 a
1532 3228 1682 3267 senatu
1712 3223 1940 3265 damnatus
1969 3224 2029 3265 est

297 3293 408 3347 (Liv.
431 3296 527 3344 127,
558 3293 647 3336 Dio
676 3295 743 3343 48,
770 3295 825 3334 33
854 3293 960 3348 cet.).

1683 3365 1751 3401 11*
